ticker,date,exchange_platform,trade_volume,trade_price
pixeltry,2024-09-21T01:05:32.867+10:00,binance,3192.1,5.03
combousdt,2024-09-21T01:05:32.878+10:00,mexc,12.21,0.4469
corechainusd,2024-09-21T01:05:32.942+10:00,gdax,8.76,1.1
cyberusdt,2024-09-21T01:05:32.883+10:00,huobi,25.5312,3.709877359466065
swapusdt,2024-09-21T01:05:32.884+10:00,huobi,691.8559,0.1123
rezusdt,2024-09-21T01:05:32.900+10:00,huobi,1900.2376,0.0421
lptusdt,2024-09-21T01:05:32.853+10:00,okex,0.25,13.889
waxpusdt,2024-09-21T01:05:32.907+10:00,huobi,375.3,0.033756
supertry,2024-09-21T01:05:32.903+10:00,binance,149.60000000000002,31.095802139037428
mobileusdt,2024-09-21T01:05:32.914+10:00,mexc,1128.53,0.001118
aitechusdt,2024-09-21T01:05:32.945+10:00,huobi,883.7162,0.08112
bigtimeusdt,2024-09-21T01:05:32.946+10:00,mexc,137.22,0.14385
blurtry,2024-09-21T01:05:32.935+10:00,binance,410.0,7.130000000000001
ergusdt,2024-09-21T01:05:32.949+10:00,huobi,47.2925,0.686
turtusdt,2024-09-21T01:05:32.952+10:00,huobi,27548.1986,0.00255
gameusdt,2024-09-21T01:05:32.952+10:00,huobi,48552.6152,0.0036710992909564223
nexgusdt,2024-09-21T01:05:32.960+10:00,huobi,70301.8312,0.00447
apeusdt,2024-09-21T01:05:32.956+10:00,binance,1809.86,0.8099815897362227
cvxusdt,2024-09-21T01:05:32.921+10:00,okex,13.137901,2.1182283469787144
athusdt,2024-09-21T01:05:32.921+10:00,okex,3115.0,0.06062
dogeusdt,2024-09-21T01:05:32.974+10:00,huobi,22494.15,0.10686414512084254
ismeusdt,2024-09-21T01:05:32.956+10:00,kucoin,89.3,0.00215
cvxusdt,2024-09-21T01:05:32.926+10:00,okex,24.769459,2.115
jasmyusdt,2024-09-21T01:05:32.988+10:00,huobi,1846.978,0.021657
wenusdt,2024-09-21T01:05:32.995+10:00,huobi,1327054.8199999998,9.73E-5
ltcusd,2024-09-21T01:05:33.000+10:00,bitstamp,1.074,66.21
dogsusdt,2024-09-21T01:05:32.992+10:00,mexc,1848304.62,0.0010104041131726437
ccdusdt,2024-09-21T01:05:32.993+10:00,mexc,9908.93,0.003724
shibtry,2024-09-21T01:05:33.008+10:00,binance,3.3834164E7,4.923604937128046E-4
tngospwstetheth,2024-09-21T01:05:32.000+10:00,balancerarbitrum,1.0E-13,1.177168592371899
cvcusd,2024-09-21T01:05:33.092+10:00,gdax,30.0,0.1137
reiusdt,2024-09-21T01:05:33.026+10:00,huobi,1651.1101000000003,0.05370799864418489
cvcusd,2024-09-21T01:05:33.092+10:00,gdax,59579.0,0.11360204854059318
jstusdt,2024-09-21T01:05:33.015+10:00,poloniex,9788.362,0.028517373161924334
eoscusdt,2024-09-21T01:05:33.053+10:00,mexc,36260.84,2.4552409980022527E-4
dogusdt,2024-09-21T01:05:33.054+10:00,mexc,490.95,0.002568
satsusdt,2024-09-21T01:05:33.058+10:00,huobi,1.65527225352E9,3.1075108574109074E-7
merlusdt,2024-09-21T01:05:33.063+10:00,mexc,3.88,0.3254
xchusdt,2024-09-21T01:05:33.065+10:00,mexc,0.0879,14.35
ondousdt,2024-09-21T01:05:33.056+10:00,bybit,2816.1800000000003,0.7072118057439508
ondousdt,2024-09-21T01:05:33.056+10:00,bybit,2816.1800000000003,0.7072118057439508
ceekusdt,2024-09-21T01:05:33.099+10:00,huobi,829.5371,0.03184992555486668
xrpusdt,2024-09-21T01:05:33.097+10:00,mexc,2027.04,0.5899009353540139
aitechusdt,2024-09-21T01:05:33.103+10:00,kucoin,17.34,0.0811
zeususdt,2024-09-21T01:05:33.123+10:00,huobi,1174.6182,0.3139492322696856
gmeeusdt,2024-09-21T01:05:33.131+10:00,huobi,1880.2656000000002,0.01377152836226967
1000satsusdt,2024-09-21T01:05:33.124+10:00,binance,6855712.0,3.1037623621003884E-4
filusdc,2024-09-21T01:05:33.128+10:00,mexc,2.509,3.8327999999999998
alcxusdt,2024-09-21T01:05:32.503+10:00,binance,0.5479,14.610000000000001
pixelusdt,2024-09-21T01:05:33.090+10:00,okex,1782.19,0.14808128987369473
bonkusdt,2024-09-21T01:05:32.824+10:00,binance,1.666563E7,1.8470198163525764E-5
ustusdt,2024-09-21T01:05:33.145+10:00,mexc,69.5,0.01812
maskbnb,2024-09-21T01:05:32.833+10:00,binance,25.7,0.00409
ldotry,2024-09-21T01:05:32.902+10:00,binance,1.22,36.9
avaxusdt,2024-09-21T01:05:33.070+10:00,binance,65.71,28.06
zeususdt,2024-09-21T01:05:33.144+10:00,poloniex,764988.7,1.8919046490490646E-5
avaxusdc,2024-09-21T01:05:33.076+10:00,binance,89.09,28.06
blzbtc,2024-09-21T01:05:33.160+10:00,binance,500.0,2.43E-6
wemixusdt,2024-09-21T01:05:33.172+10:00,huobi,14.0618,0.9107
forusdt,2024-09-21T01:05:33.178+10:00,huobi,3383.38,0.003735
ethusdc,2024-09-21T01:05:33.169+10:00,huobi,0.12260000000000001,2542.456052202284
tonusdt,2024-09-21T01:05:33.172+10:00,kucoin,2.6314,5.790271114235767
cvcusdt,2024-09-21T01:05:33.173+10:00,binance,18050.0,0.11380000000000001
nftusdt,2024-09-21T01:05:33.188+10:00,huobi,2.15959697E8,4.1674443851947066E-7
nymusdt,2024-09-21T01:05:33.199+10:00,huobi,637.7555,0.0784
nakausdt,2024-09-21T01:05:33.198+10:00,kucoin,0.5900000000000001,0.9614474576271186
grtusdt,2024-09-21T01:05:33.211+10:00,huobi,1154.1473,0.16095803213038748
lqtyusdt,2024-09-21T01:05:33.215+10:00,huobi,251.6578,1.0102242506689638
htusdt,2024-09-21T01:05:33.200+10:00,poloniex,1018.04419,0.23888955310476256
altusdt,2024-09-21T01:05:33.229+10:00,huobi,645.5558,0.1156
woousdt,2024-09-21T01:05:33.233+10:00,huobi,173.71,0.1775
cvcusdt,2024-09-21T01:05:33.185+10:00,okex,388.164066,0.11391103049209092
arbusdt,2024-09-21T01:05:33.226+10:00,binance,2012.8,0.5838880067567566
bdpusdt,2024-09-21T01:05:33.221+10:00,mexc,48.36,0.12737
floki2usdt,2024-09-21T01:05:33.221+10:00,mexc,9226.0,1.3659E-4
bdpusdt,2024-09-21T01:05:33.221+10:00,mexc,95.22,0.12775
cvcusdt,2024-09-21T01:05:33.185+10:00,okex,1599.212154,0.11384416857911149
cvcusdt,2024-09-21T01:05:33.191+10:00,okex,10419.928191,0.1137112909947855
cvcusdt,2024-09-21T01:05:33.193+10:00,okex,10.0,0.11393
dymusdt,2024-09-21T01:05:33.248+10:00,kucoin,24.4914,2.0323
cvcusdt,2024-09-21T01:05:33.195+10:00,okex,1510.834666,0.11372
pandorausdt,2024-09-21T01:05:33.265+10:00,huobi,0.042038,1443.36
blzusdt,2024-09-21T01:05:33.265+10:00,binance,4881.0,0.15524871952468758
gtaiusdt,2024-09-21T01:05:33.282+10:00,huobi,242.4905,0.4962
aergousd,2024-09-21T01:05:33.358+10:00,gdax,550.0,0.1154
galausdt,2024-09-21T01:05:33.291+10:00,huobi,33228.370800000004,0.02035352670882076
ethkrw,2024-09-21T01:05:33.260+10:00,upbit,0.6355124200000001,3388999.9999999995
xchusdt,2024-09-21T01:05:33.294+10:00,huobi,17.4916,14.338894809508565
tngospageurusdc,2024-09-21T01:05:32.000+10:00,uniswapv3arbitrum,1.0E-13,1.1133449746335529
burgerusdt,2024-09-21T01:05:33.290+10:00,binance,998.0,0.45078261523046087
twtusdt,2024-09-21T01:05:33.294+10:00,binance,2126.0,0.8358014581373472
lcxusd,2024-09-21T01:05:33.330+10:00,kraken,212.20114031,0.138
orderusdt,2024-09-21T01:05:33.310+10:00,huobi,1426.8472,0.20257558529743064
xmreur,2024-09-21T01:05:33.343+10:00,kraken,0.9016186500000001,158.54248988527465
flowusdt,2024-09-21T01:05:33.331+10:00,huobi,2007.3262000000002,0.5938896964628867
rlcusdt,2024-09-21T01:05:33.336+10:00,huobi,30.794,1.6237
waneth,2024-09-21T01:05:33.345+10:00,huobi,186.08,7.03E-5
audiousd,2024-09-21T01:05:33.418+10:00,gdax,775.5,0.13198938749194067
clvusdt,2024-09-21T01:05:33.352+10:00,huobi,1249.1867,0.0438
lambusdt,2024-09-21T01:05:33.305+10:00,okex,73933.800899,0.0016430045040292255
stptusdt,2024-09-21T01:05:33.372+10:00,mexc,97.59,0.04712
waxlusdt,2024-09-21T01:05:33.374+10:00,huobi,190.0701,0.56451
bananatry,2024-09-21T01:05:33.366+10:00,binance,17.621,1362.0
rayusdt,2024-09-21T01:05:33.400+10:00,binance,288.9,1.6350332294911736
cusdusdt,2024-09-21T01:05:33.415+10:00,huobi,140.878,0.9981488773974645
latusdt,2024-09-21T01:05:33.416+10:00,huobi,2863.17,0.008802495576581202
zkfusdt,2024-09-21T01:05:33.419+10:00,huobi,79532.0367,9.119999999999999E-4
ltcusdt,2024-09-21T01:05:33.411+10:00,binance,2.346,66.19827365728901
apebtc,2024-09-21T01:05:33.405+10:00,binance,22.18,1.266E-5
fxsusdt,2024-09-21T01:05:33.423+10:00,huobi,230.36950000000002,2.003559781611715
blastusdt,2024-09-21T01:05:33.430+10:00,huobi,27047.554899999996,0.010336321995183381
oasusdt,2024-09-21T01:05:33.422+10:00,kucoin,220.1863,0.04019
clvusdt,2024-09-21T01:05:33.431+10:00,huobi,921.8959,0.0436
enjusdt,2024-09-21T01:05:33.426+10:00,mexc,8.14,0.1551
neobtc,2024-09-21T01:05:33.432+10:00,mexc,0.075,1.574E-4
sfpusdt,2024-09-21T01:05:33.438+10:00,binance,8.0,0.758
pepeusdt,2024-09-21T01:05:33.444+10:00,binance,1.4267097586E10,8.290126802735392E-6
forusdt,2024-09-21T01:05:33.371+10:00,bibox,85.6615,0.003771
degousdt,2024-09-21T01:05:33.454+10:00,binance,10.15,1.6
mboxusdt,2024-09-21T01:05:33.458+10:00,mexc,8.14,0.1549
strkusdt,2024-09-21T01:05:33.468+10:00,huobi,1130.6809,0.40365506000853113
bigtimeusdt,2024-09-21T01:05:33.420+10:00,okex,2652.7899999999995,0.1438753445994595
steemusdt,2024-09-21T01:05:33.417+10:00,huobi,775.8421,0.1823
o3usdt,2024-09-21T01:05:33.458+10:00,mexc,111.46,0.01132
nearusdt,2024-09-21T01:05:33.470+10:00,binance,396.2,4.460990408884403
winusdt,2024-09-21T01:05:33.468+10:00,mexc,13808.22,9.12E-5
sweatusdt,2024-09-21T01:05:33.473+10:00,mexc,460.89,0.007283
ldousdt,2024-09-21T01:05:33.477+10:00,binance,1469.2799999999997,1.0882105384950456
oasusdt,2024-09-21T01:05:33.439+10:00,okex,471.0,0.04028999999999999
crvusdt,2024-09-21T01:05:33.494+10:00,mexc,4.387,0.2872
sweatusdt,2024-09-21T01:05:33.495+10:00,huobi,22450.010199999997,0.007274099543291077
lokausdt,2024-09-21T01:05:33.503+10:00,huobi,171.3064,0.2335
etgmusdt,2024-09-21T01:05:33.502+10:00,kucoin,125047.6116,1.033E-5
rlyusdt,2024-09-21T01:05:33.516+10:00,huobi,4236.29,0.005970985987739272
mxcusdt,2024-09-21T01:05:33.523+10:00,huobi,4914.47,0.007191348340716292
jtousdt,2024-09-21T01:05:33.534+10:00,huobi,95.3959,2.324464446794883
tenetusdt,2024-09-21T01:05:33.519+10:00,kucoin,3977.6237,0.00446
ookiusdt,2024-09-21T01:05:33.525+10:00,binance,69657.0,0.001371
elausdt,2024-09-21T01:05:33.542+10:00,huobi,9.94,2.0063
gmtusdt,2024-09-21T01:05:33.555+10:00,huobi,255.6243,0.1363
iguusdt,2024-09-21T01:05:33.556+10:00,huobi,12448.1352,0.004819999170092562
btcusdt,2024-09-21T01:05:33.431+10:00,bibox,0.007042999999999998,63878.387618912406
acsusdt,2024-09-21T01:05:33.555+10:00,mexc,2008.78,0.001594
bifi2usdt,2024-09-21T01:05:33.583+10:00,binance,0.078,286.4923076923077
portalusdt,2024-09-21T01:05:33.584+10:00,huobi,293.7924,0.30385707792305044
furyusdt,2024-09-21T01:05:33.569+10:00,kucoin,613.83,0.12839829105778472
bchusdt,2024-09-21T01:05:33.571+10:00,huobi,1.5005,344.32420926357884
blzusdt,2024-09-21T01:05:33.555+10:00,binance,13408.0,0.15517984039379476
blzusdt,2024-09-21T01:05:33.598+10:00,huobi,345.51,0.15572483285577846
ultiusdt,2024-09-21T01:05:33.553+10:00,okex,7804.5,0.019190000000000002
sntusdt,2024-09-21T01:05:33.575+10:00,mexc,53.78,0.02344
ondousdt,2024-09-21T01:05:33.610+10:00,huobi,465.2111,0.7074809551061872
lmwrusdt,2024-09-21T01:05:33.611+10:00,huobi,500.9816,0.1882
btctusd,2024-09-21T01:05:33.605+10:00,mexc,1.19E-4,63935.3
cvcusdt,2024-09-21T01:05:33.603+10:00,binance,10685.0,0.11378470753392607
vetusdt,2024-09-21T01:05:33.622+10:00,huobi,973.127,0.023217
avaxusdt,2024-09-21T01:05:33.606+10:00,poloniex,25.334038,28.093945625722984
tngospcrvusdusdt,2024-09-21T01:05:32.000+10:00,curvefiarbitrum,1.0E-13,0.9955552751947396
wifusdt,2024-09-21T01:05:33.634+10:00,huobi,442.9081,1.8372689707413346
boringusdt,2024-09-21T01:05:33.637+10:00,huobi,33792.99,0.0019131998568342134
grailusdt,2024-09-21T01:05:33.635+10:00,mexc,0.00118,1074.78
clvusdt,2024-09-21T01:05:33.648+10:00,huobi,944.4103,0.0438
seiusdt,2024-09-21T01:05:33.651+10:00,huobi,434.28380000000004,0.34702889020958183
cvcusdt,2024-09-21T01:05:33.602+10:00,okex,8031.217531,0.11362314933184318
dcrusdt,2024-09-21T01:05:33.643+10:00,binance,10.932999999999998,12.597834080307328
avaxusdt,2024-09-21T01:05:33.662+10:00,mexc,3.36,28.05
maviausdt,2024-09-21T01:05:33.672+10:00,huobi,213.85660000000001,1.598133204493104
peopleusdt,2024-09-21T01:05:33.662+10:00,binance,225433.09999999998,0.06540089670505354
cvcusdt,2024-09-21T01:05:33.661+10:00,binance,17061.0,0.1134967469667663
deeznutsusdt,2024-09-21T01:05:33.674+10:00,mexc,4824.42,2.3199999999999997E-4
deeznutsusdt,2024-09-21T01:05:33.674+10:00,mexc,86.29,2.3E-4
ethfitry,2024-09-21T01:05:33.667+10:00,binance,150.2,53.19
ngcusdt,2024-09-21T01:05:33.677+10:00,kucoin,309.3899,0.01813626635808085
navxusdt,2024-09-21T01:05:33.704+10:00,huobi,1566.3161,0.09204732070103858
cvcusdt,2024-09-21T01:05:33.653+10:00,okex,2077.5253119999998,0.11353262540254432
tngospageurusdc,2024-09-21T01:05:33.000+10:00,uniswapv3polygon,1.0E-13,1.1133262427283162
prclusdt,2024-09-21T01:05:33.659+10:00,okex,1724.52,0.23800115974300093
chzfdusd,2024-09-21T01:05:33.723+10:00,binance,253.0,0.0569
dcusdt,2024-09-21T01:05:33.741+10:00,huobi,281427.2249,2.5E-4
belusdt,2024-09-21T01:05:33.733+10:00,binance,16.0,0.6286
zetausdt,2024-09-21T01:05:33.754+10:00,huobi,288.5094,0.6507324744358415
linkusdt,2024-09-21T01:05:33.757+10:00,poloniex,37.13019,11.61020585784775
tngospcrvusdusdc,2024-09-21T01:05:32.000+10:00,curvefiarbitrum,1.0E-13,0.9956311568473004
winusdt,2024-09-21T01:05:33.801+10:00,huobi,475117.4,9.116E-5
usdcusdt,2024-09-21T01:05:33.791+10:00,binance,33404.0,0.9998000987905641
fxusdt,2024-09-21T01:05:33.783+10:00,huobi,105.0706,0.1398
aceusdt,2024-09-21T01:05:33.819+10:00,huobi,12.3573,2.4342
spausdt,2024-09-21T01:05:33.818+10:00,huobi,15144.82,0.006737251929702697
peopleusdt,2024-09-21T01:05:33.820+10:00,huobi,8154.385300000001,0.06531524309931737
aktusdt,2024-09-21T01:05:33.823+10:00,huobi,14.8072,2.7013999999999996
sillyusdt,2024-09-21T01:05:33.828+10:00,huobi,3424.6576,0.01168
wsdmusdt,2024-09-21T01:05:33.830+10:00,huobi,3543.883,0.022808067208934385
gmeeusdt,2024-09-21T01:05:33.855+10:00,huobi,937.7875,0.013715
kpolusdt,2024-09-21T01:05:33.847+10:00,kucoin,477.4764,0.003026
memeusdt,2024-09-21T01:05:33.810+10:00,okex,29445.8,0.011034034714628233
runeusdt,2024-09-21T01:05:33.867+10:00,huobi,59.8108,4.548202563249448
pandousdt,2024-09-21T01:05:33.879+10:00,huobi,196343.1583,1.3650166139249681E-4
tngospwstetheth,2024-09-21T01:05:33.000+10:00,balancerarbitrum,1.0E-13,1.177168592371899
ensusdt,2024-09-21T01:05:33.878+10:00,binance,22.48,19.011120996441285
forusdt,2024-09-21T01:05:33.895+10:00,huobi,3410.78,0.003718
merlusdt,2024-09-21T01:05:33.851+10:00,okex,107.31800000000001,0.32543076464339626
bethusdt,2024-09-21T01:05:33.906+10:00,huobi,0.033764,2536.828711053192
pixelusdt,2024-09-21T01:05:33.898+10:00,binance,88304.5,0.14769478554320561
pixelusdt,2024-09-21T01:05:33.917+10:00,binance,20646.5,0.14786272830746133
bttcusdc,2024-09-21T01:05:33.936+10:00,huobi,3.31016219796E7,9.063E-7
gameusdt,2024-09-21T01:05:33.937+10:00,huobi,3366.4028,0.003671
ceekusdt,2024-09-21T01:05:33.960+10:00,huobi,413.2073,0.0318
nulsusdt,2024-09-21T01:05:33.955+10:00,mexc,3.27,0.3855
lunausdt,2024-09-21T01:05:33.949+10:00,mexc,417837.88,8.838000000000002E-5
pbxusdt,2024-09-21T01:05:33.953+10:00,mexc,100.72,0.1195
c98usdt,2024-09-21T01:05:33.969+10:00,mexc,9.42,0.134
pbxusdt,2024-09-21T01:05:33.953+10:00,mexc,100.3,0.12
pbxusdt,2024-09-21T01:05:33.953+10:00,mexc,99.89,0.1205
pbxusdt,2024-09-21T01:05:33.953+10:00,mexc,99.48,0.121
usdteur,2024-09-21T01:05:34.017+10:00,kraken,268.03781376,0.8955
btcusd,2024-09-21T01:05:34.051+10:00,gdax,0.08934286,63894.173163290274
dotusdc,2024-09-21T01:05:33.975+10:00,kucoin,0.1278,4.379
tngospageurusdc,2024-09-21T01:05:32.000+10:00,uniswapv3arbitrum,1.0E-13,1.1133449746335529
icpusdt,2024-09-21T01:05:33.987+10:00,poloniex,22.18831,8.309974374343968
lyxusdt,2024-09-21T01:05:33.992+10:00,kucoin,59.1809,2.119004736663349
ftmtry,2024-09-21T01:05:33.964+10:00,binance,391.85,22.13396861043767
xlmusdt,2024-09-21T01:05:34.001+10:00,mexc,8151.15,0.0969001594866982
ogusdt,2024-09-21T01:05:34.015+10:00,huobi,10.3699,3.0873999999999997
imxusdt,2024-09-21T01:05:34.040+10:00,binance,85.53999999999999,1.5752516951133972
imxbtc,2024-09-21T01:05:34.043+10:00,binance,100.23,2.4667530679437293E-5
btcusdt,2024-09-21T01:05:34.044+10:00,binance,0.38232,63893.340984777155
imxusdt,2024-09-21T01:05:34.044+10:00,binance,193.38,1.575242010549178
polxusdt,2024-09-21T01:05:34.050+10:00,kucoin,715173.0448,6.1499999999999996E-6
ornusdt,2024-09-21T01:05:34.064+10:00,mexc,3.38,1.3062
forusdt,2024-09-21T01:05:33.984+10:00,bibox,239.74470000000002,0.0037266539068434045
shibusd,2024-09-21T01:05:34.090+10:00,kraken,1.0E7,1.4459999999999999E-5
htxusdt,2024-09-21T01:05:34.055+10:00,kucoin,1.06108695E7,1.264E-6
vanryusdt,2024-09-21T01:05:34.066+10:00,binance,49514.0,0.10775025649311307
driftusdt,2024-09-21T01:05:34.079+10:00,huobi,348.4971,0.7424550718499522
doviusdt,2024-09-21T01:05:34.088+10:00,huobi,473.3404,0.0884
fortusdt,2024-09-21T01:05:34.088+10:00,mexc,20.56,0.12345
ethfiusdt,2024-09-21T01:05:34.094+10:00,mexc,2.3,1.562
pslusdt,2024-09-21T01:05:34.083+10:00,kucoin,203618.9419,1.0860000000000001E-4
xaiusdt,2024-09-21T01:05:34.099+10:00,binance,32362.600000000002,0.21345209501090762
latusdt,2024-09-21T01:05:34.113+10:00,huobi,1430.2,0.008794
tokenusdt,2024-09-21T01:05:34.110+10:00,kucoin,5374.6335,0.0641
zcxusdt,2024-09-21T01:05:34.129+10:00,huobi,537.6348,0.0744
bnbbtc,2024-09-21T01:05:34.121+10:00,binance,0.11800000000000001,0.008998822033898306
steemusdt,2024-09-21T01:05:34.118+10:00,poloniex,3046.5785,0.1818750222900871
cvcusdt,2024-09-21T01:05:34.122+10:00,binance,12273.0,0.11323355332844455
netvrusdt,2024-09-21T01:05:34.139+10:00,kucoin,1427.6,0.06798
tusdusdt,2024-09-21T01:05:34.159+10:00,huobi,63.4375,0.99826
wifusdt,2024-09-21T01:05:34.160+10:00,mexc,1993.0400000000004,1.838916609802111
solusd,2024-09-21T01:05:34.238+10:00,gdax,3.4471092,148.62948633774062
ondousdt,2024-09-21T01:05:34.143+10:00,okex,2882.8940000000002,0.707442342382342
straxusdt,2024-09-21T01:05:34.183+10:00,binance,163.0,0.0496
islmusdt,2024-09-21T01:05:34.182+10:00,kucoin,54.8632,0.07190037310984412
furyusdt,2024-09-21T01:05:34.201+10:00,huobi,311.2844,0.1285
ornusdt,2024-09-21T01:05:34.205+10:00,binance,4.0,1.305
linkusdt,2024-09-21T01:05:34.206+10:00,binance,328.72,11.629810172791434
zbcnusdt,2024-09-21T01:05:34.217+10:00,huobi,146089.1782,0.001509
zenusdt,2024-09-21T01:05:34.215+10:00,mexc,0.15,8.5
desousdt,2024-09-21T01:05:34.242+10:00,huobi,11.6422,6.9347
rlyusdt,2024-09-21T01:05:34.244+10:00,huobi,2119.69,0.005955
elfusdt,2024-09-21T01:05:34.247+10:00,huobi,304.226,0.37900000000000006
ftmusdt,2024-09-21T01:05:34.248+10:00,huobi,395.76610000000005,0.6509641308591109
compusdt,2024-09-21T01:05:34.255+10:00,huobi,3.1098,45.57000000000001
etnusdt,2024-09-21T01:05:34.258+10:00,huobi,27117.6148,0.002015
3crvdai,2024-09-21T01:05:34.341+10:00,tiingo,2.0E-5,1.0348819658441926
grteth,2024-09-21T01:05:34.258+10:00,binance,356.0,6.33E-5
umausdt,2024-09-21T01:05:34.272+10:00,huobi,82.2592,2.319754306144479
etcusdt,2024-09-21T01:05:34.265+10:00,binance,0.8400000000000001,19.146190476190473
orderusdt,2024-09-21T01:05:34.247+10:00,bybit,10942.28,0.2028482012889453
mantausdt,2024-09-21T01:05:34.273+10:00,binance,600.5,0.79
minausdt,2024-09-21T01:05:34.295+10:00,huobi,189.251,0.5073454672366328
3crvusdc,2024-09-21T01:05:34.376+10:00,tiingo,2.0E-5,1.0349157635695354
iqusdt,2024-09-21T01:05:34.287+10:00,binance,4673.0,0.005297
ltcusdt,2024-09-21T01:05:34.288+10:00,poloniex,7.151843000000001,66.1408615439405
bandusdt,2024-09-21T01:05:34.299+10:00,binance,6.1,1.227
lunausdt,2024-09-21T01:05:34.315+10:00,binance,6.4209168489999995E7,8.838783141719673E-5
ladysusdt,2024-09-21T01:05:34.317+10:00,kucoin,9.55236554E8,1.0060176359561716E-7
adausdt,2024-09-21T01:05:34.334+10:00,huobi,1546.0283,0.3606507526596376
3crvusdt,2024-09-21T01:05:34.412+10:00,tiingo,2.0E-5,1.0347444718066652
pixelusdt,2024-09-21T01:05:34.344+10:00,huobi,1418.2546,0.14775288078036197
rootusdt,2024-09-21T01:05:34.375+10:00,huobi,5371.1898,0.023283176443513503
opusdt,2024-09-21T01:05:34.375+10:00,huobi,737.9526,1.6825100998627822
forusdt,2024-09-21T01:05:34.290+10:00,bibox,112.5461,0.003775
xcnusdt,2024-09-21T01:05:34.376+10:00,huobi,66079.296,0.001362
amuusdt,2024-09-21T01:05:34.378+10:00,huobi,6837.95,0.01274
aiusdt,2024-09-21T01:05:34.377+10:00,binance,32.1,0.455
mxcusdt,2024-09-21T01:05:34.392+10:00,huobi,1640.25,0.007211
arbusdt,2024-09-21T01:05:34.378+10:00,poloniex,557.4055,0.5737191637326868
renusdt,2024-09-21T01:05:34.399+10:00,huobi,3568.63,0.04203412824529301
blzusdt,2024-09-21T01:05:34.412+10:00,binance,18638.0,0.15499116858031975
arkusdt,2024-09-21T01:05:34.424+10:00,binance,668.0,0.37162290419161675
bttcusdt,2024-09-21T01:05:34.418+10:00,poloniex,6.59483111E8,9.05223526684522E-7
bnbusdt,2024-09-21T01:05:34.369+10:00,mexc,0.36600000000000005,574.972677595628
masausdt,2024-09-21T01:05:34.442+10:00,huobi,4198.1572,0.06596878213660032
nanousdt,2024-09-21T01:05:34.448+10:00,huobi,33.0166,0.9481
jasmyusdt,2024-09-21T01:05:34.457+10:00,mexc,58.16,0.02167
degousdt,2024-09-21T01:05:34.466+10:00,mexc,3.08,1.6009
xcvusdt,2024-09-21T01:05:34.459+10:00,kucoin,8521.7415,5.89E-4
clvusdt,2024-09-21T01:05:34.478+10:00,huobi,919.7115,0.0437
wanusdt,2024-09-21T01:05:34.481+10:00,binance,111.0,0.1796
yfiusdt,2024-09-21T01:05:34.477+10:00,binance,0.1847,5144.186789388197
cvxusdt,2024-09-21T01:05:34.451+10:00,okex,1.0,2.119
sfundusdt,2024-09-21T01:05:34.445+10:00,mexc,8.84,1.171
bomeusdt,2024-09-21T01:05:34.471+10:00,mexc,14105.03,0.0072
pepefdusd,2024-09-21T01:05:34.504+10:00,binance,1.17751598E8,8.3E-6
ordiusdt,2024-09-21T01:05:34.465+10:00,okex,168.17999999999998,35.1098166250446
gusdt,2024-09-21T01:05:34.521+10:00,huobi,7314.153700000001,0.039604712537419054
rvnusdt,2024-09-21T01:05:34.535+10:00,huobi,5528.43,0.018252513672055173
tngospcrvusdusdt,2024-09-21T01:05:33.000+10:00,curvefiarbitrum,1.0E-13,0.9955552751947396
cfxusdt,2024-09-21T01:05:34.549+10:00,mexc,8.34,0.1512
llusdt,2024-09-21T01:05:34.561+10:00,kucoin,1125.6,0.01887
yfiusdt,2024-09-21T01:05:34.523+10:00,okex,0.052582000000000004,5144.001559469019
sundogusdt,2024-09-21T01:05:34.581+10:00,huobi,2781.8368,0.33565001858987553
arkusdt,2024-09-21T01:05:34.578+10:00,binance,822.0,0.37213467153284663
arktry,2024-09-21T01:05:34.581+10:00,binance,2273.6000000000004,12.634137051372273
bicousdt,2024-09-21T01:05:34.593+10:00,huobi,125.2611,0.2395
daousdt,2024-09-21T01:05:34.595+10:00,huobi,70.0772,0.2854
pivxusdt,2024-09-21T01:05:34.591+10:00,mexc,13.81,0.2231
riousdt,2024-09-21T01:05:34.597+10:00,huobi,48.4701,1.0305
linktry,2024-09-21T01:05:34.595+10:00,binance,80.7,395.05441140024783
solusd,2024-09-21T01:05:34.643+10:00,kraken,0.29504761,148.61322143297483
tiausdt,2024-09-21T01:05:34.598+10:00,binance,76.48,6.189858263598327
forusdt,2024-09-21T01:05:34.609+10:00,huobi,3434.74,0.003737
grttry,2024-09-21T01:05:34.596+10:00,binance,3799.0,5.466537246643853
mubiusdt,2024-09-21T01:05:34.603+10:00,kucoin,177.0841,0.0301
aausdt,2024-09-21T01:05:34.607+10:00,mexc,151.11,0.2245
cotiusd,2024-09-21T01:05:34.648+10:00,kraken,162.56452719,0.12329999999999999
xrpbtc,2024-09-21T01:05:34.604+10:00,mexc,0.93,9.256E-6
trbusdt,2024-09-21T01:05:34.608+10:00,binance,1.459,68.53
bnbusdt,2024-09-21T01:05:34.616+10:00,binance,2.247,574.9869158878507
ntrnusdt,2024-09-21T01:05:34.628+10:00,mexc,3.1,0.40729999999999994
pepeusdt,2024-09-21T01:05:34.638+10:00,huobi,3.4720731544E8,8.295186976873257E-6
astrusdt,2024-09-21T01:05:34.641+10:00,huobi,353.36,0.065861
tnsrusdt,2024-09-21T01:05:34.644+10:00,mexc,6.48,0.38955
floki2usdt,2024-09-21T01:05:34.662+10:00,huobi,4093808.58,1.3662322747452446E-4
revvusdt,2024-09-21T01:05:34.667+10:00,huobi,8428.1504,0.004746
bchusdt,2024-09-21T01:05:34.666+10:00,binance,0.017,344.4
dechatusdt,2024-09-21T01:05:34.678+10:00,huobi,786.7811999999999,0.2805468941174497
nfpusdt,2024-09-21T01:05:34.686+10:00,huobi,183.0024,0.238331
tenetusdt,2024-09-21T01:05:34.702+10:00,huobi,22143.9763,0.004462
tngospcrvusdusdc,2024-09-21T01:05:33.000+10:00,curvefiarbitrum,1.0E-13,0.9956311568473004
tngospageurusdc,2024-09-21T01:05:33.000+10:00,uniswapv3arbitrum,1.0E-13,1.1133449746335529
injfdusd,2024-09-21T01:05:34.697+10:00,binance,9.52,20.993413865546216
eulusdt,2024-09-21T01:05:34.702+10:00,mexc,0.56,4.594499999999999
laziousdt,2024-09-21T01:05:34.700+10:00,binance,81.53,1.3349999999999997
rpkusdt,2024-09-21T01:05:34.724+10:00,huobi,30198.125500000002,0.007177458077525374
tngospwstetheth,2024-09-21T01:05:33.000+10:00,balancerarbitrum,1.0E-13,1.177168592371899
manausdt,2024-09-21T01:05:34.714+10:00,poloniex,1463.3800999999999,0.3000698226455314
avaxbtc,2024-09-21T01:05:34.814+10:00,gdax,7.353,4.39471970624235E-4
smoleusdt,2024-09-21T01:05:34.747+10:00,huobi,2242096.19,3.82E-5
stptusdt,2024-09-21T01:05:34.744+10:00,binance,1238.4,0.04712114987080103
wldusdt,2024-09-21T01:05:34.748+10:00,binance,3429.3999999999996,1.676996879920686
wxtusdt,2024-09-21T01:05:34.760+10:00,huobi,8077.86,0.005486
grtusdt,2024-09-21T01:05:34.743+10:00,poloniex,3788.4175999999998,0.1549000000000001
arkmusdt,2024-09-21T01:05:34.763+10:00,huobi,64.2914,1.2056
aptusdt,2024-09-21T01:05:34.757+10:00,poloniex,34.34817,6.819788843772463
1inchusdt,2024-09-21T01:05:34.782+10:00,huobi,545.6308,0.27386940839648344
klayusdt,2024-09-21T01:05:34.794+10:00,binance,2528.5,0.13799999999999998
jasmyusdt,2024-09-21T01:05:34.801+10:00,binance,97028.19999999998,0.021679837222580656
zetausdt,2024-09-21T01:05:34.768+10:00,okex,231.849,0.651001350879236
phbusdt,2024-09-21T01:05:34.820+10:00,huobi,28.7608,1.3908
vrausdt,2024-09-21T01:05:34.820+10:00,huobi,23349.616399999995,0.003914570666711254
ceekusdt,2024-09-21T01:05:34.821+10:00,huobi,415.459,0.0319
swftcusdt,2024-09-21T01:05:34.827+10:00,huobi,23461.487,0.0035048267186900814
zeeusdt,2024-09-21T01:05:34.837+10:00,mexc,118.72,0.010649
wusdt,2024-09-21T01:05:34.842+10:00,huobi,3665.8523,0.23961271239160403
bobausdt,2024-09-21T01:05:34.854+10:00,huobi,185.3828,0.21576999999999996
dymusdt,2024-09-21T01:05:34.864+10:00,huobi,78.0387,2.03209129457564
mblusdt,2024-09-21T01:05:34.864+10:00,huobi,31469.442800000004,0.0027788559100576132
jtousdt,2024-09-21T01:05:34.855+10:00,binance,196.0,2.323982653061224
voxelusdt,2024-09-21T01:05:34.865+10:00,huobi,291.5455,0.1715
fearusdt,2024-09-21T01:05:34.883+10:00,mexc,20.3,0.062200000000000005
cvcusdt,2024-09-21T01:05:34.888+10:00,huobi,864.6299999999999,0.1134
wmtusdt,2024-09-21T01:05:34.890+10:00,huobi,249.1285,0.2007
oasusdt,2024-09-21T01:05:34.902+10:00,huobi,1875.67,0.04036135139976648
lqtybtc,2024-09-21T01:05:34.888+10:00,binance,25.2,1.583E-5
analosusdt,2024-09-21T01:05:34.908+10:00,huobi,5355971.7167,3.135509790714724E-5
lqtybtc,2024-09-21T01:05:34.893+10:00,binance,1072.4,1.5842355464378965E-5
lqtyusdt,2024-09-21T01:05:34.894+10:00,binance,26518.400000000005,1.0126469206286952
lqtyusdt,2024-09-21T01:05:34.894+10:00,binance,183.8,1.012
ethfiusdt,2024-09-21T01:05:34.863+10:00,okex,5.1898,1.5649999999999997
floki2usdt,2024-09-21T01:05:34.913+10:00,binance,1.0054507E7,1.3662650209304148E-4
mxusdt,2024-09-21T01:05:34.935+10:00,mexc,310.0499999999999,3.9881508595387856
avaxusdc,2024-09-21T01:05:34.892+10:00,okex,2.062445,28.07
uniusdt,2024-09-21T01:05:34.957+10:00,huobi,53.1322,6.89689919822631
lqtyusdt,2024-09-21T01:05:34.908+10:00,okex,1087.0038,1.0117390982993804
lqtyusdt,2024-09-21T01:05:34.908+10:00,okex,1997.029,1.0128324630989334
rosebtc,2024-09-21T01:05:34.947+10:00,binance,413.0,1.05E-6
rlyusdt,2024-09-21T01:05:34.966+10:00,huobi,2124.94,0.005987
lqtyusdt,2024-09-21T01:05:34.914+10:00,okex,1644.2386,1.0139315323457316
bondusdt,2024-09-21T01:05:34.960+10:00,gateio,2003.205,2.403394727948463
renderusdt,2024-09-21T01:05:34.999+10:00,huobi,37.555800000000005,5.3515
daiusdt,2024-09-21T01:05:34.999+10:00,mexc,2.54,0.99975
hifiusdt,2024-09-21T01:05:35.001+10:00,binance,159.0,0.49830754716981135
ksmusdt,2024-09-21T01:05:35.012+10:00,huobi,5.192,21.212272727272726
mubiusdt,2024-09-21T01:05:35.009+10:00,mexc,776.55,0.030120000000000004
degenusdt,2024-09-21T01:05:34.989+10:00,bybit,83321.01999999999,0.004632596748095499
degenusdt,2024-09-21T01:05:34.989+10:00,bybit,83321.01999999999,0.004632596748095499
agldusdt,2024-09-21T01:05:35.024+10:00,binance,639.8999999999999,0.9030000000000002
sxpusdt,2024-09-21T01:05:35.030+10:00,binance,3553.0000000000005,0.33236003940332115
ethusdt,2024-09-21T01:05:35.038+10:00,mexc,40.10030000000001,2542.4477084535524
