ticker,date,exchange_platform,trade_volume,trade_price
bsvusdt,2024-09-21T01:05:21.574+10:00,huobi,2.9795,49.66669305588186
soulusdt,2024-09-21T01:05:21.582+10:00,mexc,105289.23,3.626E-4
luna2usdt,2024-09-21T01:05:21.575+10:00,mexc,3.13,0.4034
ethwusdt,2024-09-21T01:05:21.541+10:00,okex,425.7547,2.1785795701139636
ethfdusd,2024-09-21T01:05:21.583+10:00,binance,53.52149999999994,2543.000124585451
solusdt,2024-09-21T01:05:21.584+10:00,binance,330.68800000000005,148.55377673214622
bttcusdt,2024-09-21T01:05:21.595+10:00,huobi,1.328709465265E8,9.052E-7
manekiusdt,2024-09-21T01:05:21.537+10:00,poloniex,3422.34,0.006575
zecusdt,2024-09-21T01:05:21.566+10:00,poloniex,18.141003000000005,32.153102372564504
availusdt,2024-09-21T01:05:21.593+10:00,mexc,8.52,0.14806
minausdt,2024-09-21T01:05:21.639+10:00,huobi,288.5812,0.5073605540485658
grtbtc,2024-09-21T01:05:21.632+10:00,binance,50.0,2.52E-6
tngospageurusdc,2024-09-21T01:05:21.000+10:00,uniswapv3polygon,1.0E-13,1.1133262427283162
memeusdt,2024-09-21T01:05:21.685+10:00,huobi,15364.3936,0.011031796079000478
vidtusdt,2024-09-21T01:05:21.668+10:00,binance,4445.0,0.04633368053993251
solusd,2024-09-21T01:05:21.760+10:00,gdax,534.69176222,148.5504833962712
blzusdt,2024-09-21T01:05:21.701+10:00,huobi,86.32,0.1559
hbarbnb,2024-09-21T01:05:21.692+10:00,binance,170.0,9.28E-5
forusdt,2024-09-21T01:05:21.710+10:00,huobi,3384.5,0.003737
tnsrusdt,2024-09-21T01:05:21.708+10:00,binance,152.1,0.3893
vibusdt,2024-09-21T01:05:21.712+10:00,binance,246.0,0.07238
monusdt,2024-09-21T01:05:21.708+10:00,kucoin,266.84,0.1403
topusdt,2024-09-21T01:05:21.722+10:00,huobi,193236.7152,2.07E-4
tngospcrvusdusdt,2024-09-21T01:05:20.000+10:00,curvefiarbitrum,1.0E-13,0.9955552751947396
tornusdt,2024-09-21T01:05:21.722+10:00,mexc,0.501,2.52
lokausdt,2024-09-21T01:05:21.731+10:00,binance,3864.3,0.23279302072820432
linausdt,2024-09-21T01:05:21.740+10:00,huobi,25011.0697,0.0042650041576910245
pixelusdt,2024-09-21T01:05:21.737+10:00,binance,46952.3,0.14771130530346754
stgusdt,2024-09-21T01:05:21.738+10:00,binance,1388.7,0.3375
racausdt,2024-09-21T01:05:21.692+10:00,okex,160000.0,1.614E-4
dotusdt,2024-09-21T01:05:21.748+10:00,poloniex,21.49056,4.375
xmrusdt,2024-09-21T01:05:21.754+10:00,poloniex,1.226671,176.76112387102978
wsdmusdt,2024-09-21T01:05:21.774+10:00,huobi,3641.5683,0.02280349946669956
zrousdt,2024-09-21T01:05:21.777+10:00,huobi,46.753,4.3822975640065875
dodobnb,2024-09-21T01:05:17.000+10:00,pancakeswap,17.725111477530486,2.2566853839371687E-4
polcusdt,2024-09-21T01:05:21.793+10:00,huobi,5547.7323,0.00699568564842251
galausdt,2024-09-21T01:05:21.784+10:00,binance,33147.0,0.0203600778350982
racabnb,2024-09-21T01:05:17.000+10:00,pancakeswap,61401.79323062067,2.801218051618976E-7
agldusdt,2024-09-21T01:05:21.706+10:00,bibox,0.2585,0.9017799999999999
sdaiusd,2024-09-21T01:05:21.878+10:00,tiingo,1.0E-7,1.108870439856696
ckbusdt,2024-09-21T01:05:21.801+10:00,binance,50546.0,0.017426846456692915
linkusdt,2024-09-21T01:05:21.799+10:00,poloniex,30.305049999999998,11.61211652272476
farmusdt,2024-09-21T01:05:21.806+10:00,binance,1.785,45.59965826330533
sandusdt,2024-09-21T01:05:21.804+10:00,poloniex,564.5512000000001,0.27340281234013847
racabusd,2024-09-21T01:05:17.000+10:00,pancakeswap,61401.79323062067,1.6073290004657684E-4
racabnb,2024-09-21T01:05:17.000+10:00,pancakeswap,143662.91017025194,2.802378541106024E-7
sushiusdt,2024-09-21T01:05:21.845+10:00,binance,8691.900000000001,0.6869979866312312
racabusd,2024-09-21T01:05:17.000+10:00,pancakeswap,6694.248175298172,1.6070428819924665E-4
mkrusdt,2024-09-21T01:05:21.866+10:00,huobi,0.07704,1570.0892284527517
tngospcrvusdusdc,2024-09-21T01:05:20.000+10:00,curvefiarbitrum,1.0E-13,0.9956311568473004
avaxusdt,2024-09-21T01:05:21.864+10:00,binance,391.48,28.076920404618363
wemixusdt,2024-09-21T01:05:21.883+10:00,huobi,98.1965,0.9106999847245064
velousdt,2024-09-21T01:05:21.845+10:00,okex,10148.791231000001,0.015942044043592077
aeeth,2024-09-21T01:05:21.878+10:00,mexc,16.82,1.0256E-5
polusdt,2024-09-21T01:05:21.877+10:00,bybit,58.0,0.40700000000000003
ksmusdt,2024-09-21T01:05:21.851+10:00,okex,2.69856,21.23
polusdt,2024-09-21T01:05:21.877+10:00,bybit,58.0,0.40700000000000003
rpkusdt,2024-09-21T01:05:21.905+10:00,kucoin,694.927,0.007210000000000001
pstakeusdt,2024-09-21T01:05:21.878+10:00,okex,449.0,0.05197
btcusdt,2024-09-21T01:05:21.992+10:00,gdax,0.031,63890.06
ethtry,2024-09-21T01:05:21.925+10:00,binance,0.1104,86439.03713768115
aavebtc,2024-09-21T01:05:21.996+10:00,gdax,0.835,0.002393
tngospwstetheth,2024-09-21T01:05:20.000+10:00,balancerarbitrum,1.0E-13,1.177168592371899
suiusdt,2024-09-21T01:05:21.943+10:00,huobi,287.83,1.4339971028037386
wifusdt,2024-09-21T01:05:21.958+10:00,huobi,334.3322,1.8372900286302067
agldusdt,2024-09-21T01:05:21.955+10:00,huobi,155.2046,0.9029
belusdt,2024-09-21T01:05:21.961+10:00,mexc,4.02,0.6287
wlthusdt,2024-09-21T01:05:21.961+10:00,kucoin,1169.4,0.04204
boringusdt,2024-09-21T01:05:21.979+10:00,huobi,6780.98,0.001912
ondousdt,2024-09-21T01:05:21.970+10:00,bybit,2652.8399999999997,0.7075575781049741
ondousdt,2024-09-21T01:05:21.970+10:00,bybit,2652.8399999999997,0.7075575781049741
zkusdt,2024-09-21T01:05:22.025+10:00,huobi,4683.391100000001,0.128
blurusdc,2024-09-21T01:05:21.984+10:00,okex,93.75,0.21
btcusdc,2024-09-21T01:05:22.034+10:00,binance,1.31772,63895.725413517284
vrausdt,2024-09-21T01:05:21.995+10:00,okex,100.0,0.003923
pyusdusdt,2024-09-21T01:05:22.056+10:00,huobi,61.6109,0.9967
solusdc,2024-09-21T01:05:05.000+10:00,meteora,3.234632353,148.61617690621054
solusdc,2024-09-21T01:05:05.000+10:00,raydium,3.234632353,148.61617690621054
zbcnusdt,2024-09-21T01:05:22.045+10:00,kucoin,6980.0,0.001511
tngospageurusdc,2024-09-21T01:05:21.000+10:00,uniswapv3arbitrum,1.0E-13,1.1133449746335529
swapusdt,2024-09-21T01:05:22.069+10:00,huobi,691.9422999999999,0.11230000000000001
gtcusdt,2024-09-21T01:05:22.067+10:00,binance,9.2,0.673
mmmusdt,2024-09-21T01:05:22.076+10:00,mexc,1500197.01,4.21E-6
enjusdt,2024-09-21T01:05:21.942+10:00,bibox,650.6308,0.15512866221519178
latusdt,2024-09-21T01:05:22.096+10:00,huobi,1437.9,0.008775
qtumusdt,2024-09-21T01:05:22.091+10:00,mexc,0.52,2.467
nearusdt,2024-09-21T01:05:22.110+10:00,huobi,131.13,4.460797185998627
ldousdt,2024-09-21T01:05:22.087+10:00,bybit,2459.9599999999996,1.0891405750500014
requsdt,2024-09-21T01:05:22.106+10:00,binance,112.0,0.10839999999999998
iceusdt,2024-09-21T01:05:22.120+10:00,huobi,19304.9271,0.00416
ldousdt,2024-09-21T01:05:22.087+10:00,bybit,2459.9599999999996,1.0891405750500014
bnbusdc,2024-09-21T01:05:22.108+10:00,binance,0.128,574.96796875
riousdt,2024-09-21T01:05:22.121+10:00,huobi,48.6827,1.0369
forusdt,2024-09-21T01:05:22.006+10:00,bibox,256.4942,0.003775
bonkusdt,2024-09-21T01:05:22.124+10:00,mexc,68201.0,1.847E-5
htxusdt,2024-09-21T01:05:22.127+10:00,poloniex,5.1903413849999994E8,1.2668329843920277E-6
flrusdt,2024-09-21T01:05:22.104+10:00,okex,100.0,0.01533
blzbtc,2024-09-21T01:05:22.149+10:00,binance,6167.0,2.429263823577104E-6
blzusdt,2024-09-21T01:05:22.152+10:00,binance,805.0,0.15519465838509314
omniusdt,2024-09-21T01:05:22.164+10:00,huobi,46.197,9.218316911487758
agldusdt,2024-09-21T01:05:22.013+10:00,bibox,0.0565,0.9025
riousdt,2024-09-21T01:05:22.156+10:00,kucoin,16.26,1.006
adausdt,2024-09-21T01:05:22.171+10:00,huobi,1524.6444999999999,0.36068026268635084
aitechusdt,2024-09-21T01:05:22.183+10:00,huobi,1432.4779,0.08089
nexgusdt,2024-09-21T01:05:22.193+10:00,kucoin,7114.4,0.004697633250871473
nexgusdt,2024-09-21T01:05:22.193+10:00,kucoin,187.3,0.00467
mantausdt,2024-09-21T01:05:22.189+10:00,binance,2138.5,0.7910154313771336
nexgusdt,2024-09-21T01:05:22.193+10:00,kucoin,70.7,0.00466
combotry,2024-09-21T01:05:22.188+10:00,binance,32.199999999999996,15.19919254658385
juvusdt,2024-09-21T01:05:22.197+10:00,binance,16.76,1.654
nexgusdt,2024-09-21T01:05:22.193+10:00,kucoin,3417.7,0.004652476811891039
blzusdt,2024-09-21T01:05:22.211+10:00,huobi,86.43,0.1561
mkrusdt,2024-09-21T01:05:22.198+10:00,poloniex,0.31315899999999997,1558.8518029818717
usdbcusd,2024-09-21T01:05:22.287+10:00,tiingo,1.0E-7,1.0000053856998528
rlyusdt,2024-09-21T01:05:22.221+10:00,huobi,2132.75,0.005923
alphausdt,2024-09-21T01:05:22.215+10:00,binance,2072.0,0.0627
oasusdt,2024-09-21T01:05:22.225+10:00,huobi,314.03,0.040337
mewusdt,2024-09-21T01:05:22.179+10:00,okex,3333.0,0.005552300030003
usdjusdt,2024-09-21T01:05:22.232+10:00,huobi,8.8961,1.1241
mapousdt,2024-09-21T01:05:22.235+10:00,huobi,17443.1227,0.01029522466762789
nexgusdt,2024-09-21T01:05:22.229+10:00,kucoin,3366.7,0.004627350224255206
eoscusdt,2024-09-21T01:05:22.238+10:00,mexc,40716.61,2.456E-4
jlpusdt,2024-09-21T01:05:05.000+10:00,meteora,0.374779,3.256407109256389
pbuxusdt,2024-09-21T01:05:22.260+10:00,huobi,7178.76,0.02298778035482451
nexgusdt,2024-09-21T01:05:22.259+10:00,kucoin,1587.7,0.0046097046041443605
nexgusdt,2024-09-21T01:05:22.259+10:00,kucoin,435.3,0.004598375832759016
nexgusdt,2024-09-21T01:05:22.259+10:00,kucoin,5058.6,0.004580963705373029
pendleusdt,2024-09-21T01:05:22.270+10:00,binance,1124.5,3.5859336594041795
nexgusdt,2024-09-21T01:05:22.276+10:00,kucoin,5428.9,0.004574474018677817
diausdt,2024-09-21T01:05:22.289+10:00,huobi,135.7247,0.3658
vrausdt,2024-09-21T01:05:22.300+10:00,huobi,23420.7765,0.003908857198808075
nexgusdt,2024-09-21T01:05:22.298+10:00,kucoin,16072.8,0.004569041361803794
nexgusdt,2024-09-21T01:05:22.298+10:00,kucoin,1304.2,0.00454
ceekusdt,2024-09-21T01:05:22.310+10:00,huobi,418.2068,0.0318
scausdt,2024-09-21T01:05:22.319+10:00,huobi,320.26,0.3457221445075876
scausdt,2024-09-21T01:05:22.324+10:00,huobi,63.52,0.3453
nexgusdt,2024-09-21T01:05:22.325+10:00,kucoin,39887.59999999999,0.0045399645503865875
enausdt,2024-09-21T01:05:22.325+10:00,binance,99.41000000000001,0.2557009355195654
grtusdt,2024-09-21T01:05:22.331+10:00,binance,9806.0,0.16099847032429124
flameusdt,2024-09-21T01:05:22.341+10:00,mexc,5017.6,6.32E-4
nexgusdt,2024-09-21T01:05:22.345+10:00,kucoin,21797.3,0.004515412275832328
nexgusdt,2024-09-21T01:05:22.358+10:00,kucoin,21475.5,0.004509541617191684
nexgusdt,2024-09-21T01:05:22.358+10:00,kucoin,5000.0,0.00449
orderusdt,2024-09-21T01:05:22.382+10:00,huobi,355.8763,0.2025
nexgusdt,2024-09-21T01:05:22.374+10:00,kucoin,12232.0,0.004488175277959452
nexgusdt,2024-09-21T01:05:22.374+10:00,kucoin,3956.4,0.0044764118895966026
enjusdt,2024-09-21T01:05:22.248+10:00,bibox,215.6218,0.1552
manausdt,2024-09-21T01:05:22.381+10:00,mexc,4.2,0.3005
nexgusdt,2024-09-21T01:05:22.394+10:00,kucoin,11491.5,0.004468742896923813
dodousdt,2024-09-21T01:05:22.393+10:00,binance,11250.7,0.12896994053703326
xchusdt,2024-09-21T01:05:22.407+10:00,huobi,19.6099,14.338222457024258
farmusdt,2024-09-21T01:05:22.402+10:00,binance,0.57,45.58
pbuxusdt,2024-09-21T01:05:22.401+10:00,kucoin,1111.8,0.02296
nexgusdt,2024-09-21T01:05:22.406+10:00,kucoin,2028.3,0.004457596509392103
bdxusdt,2024-09-21T01:05:22.406+10:00,kucoin,6169.45,0.05417999999999999
forusdt,2024-09-21T01:05:22.426+10:00,huobi,3412.58,0.003719
nexgusdt,2024-09-21T01:05:22.428+10:00,huobi,283781.04110000003,0.004449900848651161
peopleusdt,2024-09-21T01:05:22.380+10:00,okex,8806.52558,0.06543490471051691
shibusd,2024-09-21T01:05:20.600+10:00,gdax,4.56282001E8,1.4480000000000002E-5
wellusdt,2024-09-21T01:05:22.436+10:00,huobi,1449.6432,0.027593
linkbtc,2024-09-21T01:05:22.417+10:00,poloniex,0.4,1.8159999999999997E-4
tonusdt,2024-09-21T01:05:22.426+10:00,kucoin,180.03,5.790281801921902
nexgusdt,2024-09-21T01:05:22.439+10:00,kucoin,20698.199999999997,0.004448911982684487
magicusdt,2024-09-21T01:05:22.452+10:00,huobi,527.3429,0.3790889713315567
daousdt,2024-09-21T01:05:22.457+10:00,huobi,35.0386,0.2854
pepe2usdt,2024-09-21T01:05:22.446+10:00,kucoin,2.203380959999E8,3.077E-8
bntusdt,2024-09-21T01:05:22.464+10:00,huobi,28.74,0.5106
bchusdt,2024-09-21T01:05:22.465+10:00,huobi,1.3159,344.3370142108063
pepe2usdt,2024-09-21T01:05:22.446+10:00,kucoin,4.229335861285E8,3.080061392302245E-8
ctxcusdt,2024-09-21T01:05:22.475+10:00,huobi,261.7545,0.1688
manekiusdt,2024-09-21T01:05:22.437+10:00,mexc,192.05,0.006560999999999999
navxusdt,2024-09-21T01:05:22.487+10:00,huobi,760.3394,0.092541
lrdsusdt,2024-09-21T01:05:22.482+10:00,kucoin,81.66,0.6119998530492285
cetususdt,2024-09-21T01:05:22.440+10:00,okex,13324.804800000002,0.0986418435770256
nexgusdt,2024-09-21T01:05:22.495+10:00,huobi,9908.8999,0.00445
cetususdt,2024-09-21T01:05:22.440+10:00,okex,20156.589,0.09859266608179588
suiusdt,2024-09-21T01:05:22.448+10:00,okex,4632.2924,1.4316749185090303
eurusd,2024-09-21T01:05:22.534+10:00,kraken,23.15963361,1.11687
cetususdt,2024-09-21T01:05:22.451+10:00,okex,28457.787200000002,0.09851430829091305
nordusdt,2024-09-21T01:05:22.483+10:00,kucoin,195.3773,0.056400000000000006
netvrusdt,2024-09-21T01:05:22.493+10:00,kucoin,420.2,0.06798
farmusd,2024-09-21T01:05:22.531+10:00,kraken,1.75,45.379999999999995
degousdt,2024-09-21T01:05:22.498+10:00,binance,10.25,1.5999999999999999
farmeur,2024-09-21T01:05:22.534+10:00,kraken,1.7513067000000002,40.56
nmrusdt,2024-09-21T01:05:22.475+10:00,mexc,0.424,15.62
pumlxusdt,2024-09-21T01:05:22.505+10:00,kucoin,5393.0,0.00302
cetususdt,2024-09-21T01:05:22.465+10:00,okex,5645.5035,0.09864971658860898
bananausdt,2024-09-21T01:05:22.529+10:00,huobi,1.5476,40.0641
trbusd,2024-09-21T01:05:20.700+10:00,gdax,4.670999999999999,68.55399058017557
sqrusdt,2024-09-21T01:05:22.514+10:00,kucoin,180.23,0.0526
cotiusdt,2024-09-21T01:05:22.532+10:00,binance,74455.0,0.12299378725404607
aliceusdt,2024-09-21T01:05:22.546+10:00,binance,20.81,1.105
flowusdt,2024-09-21T01:05:22.560+10:00,huobi,1483.8488000000002,0.5937507322107212
icxusdt,2024-09-21T01:05:22.549+10:00,binance,38.0,0.1423
pepetry,2024-09-21T01:05:22.551+10:00,binance,1.7739932E7,2.8187E-4
hcusdt,2024-09-21T01:05:22.520+10:00,mexc,68.54,0.01839
ctxcusdt,2024-09-21T01:05:22.505+10:00,mexc,7.47,0.1687
mocausdt,2024-09-21T01:05:22.580+10:00,huobi,3626.6634,0.10831000000000002
swftcusdt,2024-09-21T01:05:22.587+10:00,huobi,8907.619,0.0035122
api3usdt,2024-09-21T01:05:22.592+10:00,huobi,24.6992,1.6195
pundixusdt,2024-09-21T01:05:22.598+10:00,huobi,90.8268,0.44039999999999996
forthusdt,2024-09-21T01:05:22.587+10:00,binance,8.57,3.229
fxsusdt,2024-09-21T01:05:22.605+10:00,huobi,224.1593,2.003906624797633
polcusdt,2024-09-21T01:05:22.618+10:00,huobi,1854.19,0.007005
alpineusdt,2024-09-21T01:05:22.572+10:00,mexc,3.67,1.2957
winusdt,2024-09-21T01:05:22.608+10:00,poloniex,8657867.500000002,9.124196032210008E-5
rpkusdt,2024-09-21T01:05:22.632+10:00,huobi,12992.469,0.007171
dcusdt,2024-09-21T01:05:22.593+10:00,mexc,4990.1,2.524E-4
bttcusdt,2024-09-21T01:05:22.620+10:00,poloniex,8.3428636E8,9.052510463875976E-7
rvnusdt,2024-09-21T01:05:22.602+10:00,binance,309.2,0.01825
hntusdt,2024-09-21T01:05:22.422+10:00,bibox,3.704,7.06
dymusdt,2024-09-21T01:05:22.624+10:00,binance,1333.0999999999997,2.0306892956267353
1000satsusdt,2024-09-21T01:05:22.620+10:00,binance,1.1849473E7,3.1062718225527837E-4
uftusdt,2024-09-21T01:05:22.624+10:00,binance,25.0,0.2341
tngospcrvusdusdt,2024-09-21T01:05:21.000+10:00,curvefiarbitrum,1.0E-13,0.9955552751947396
dotusd,2024-09-21T01:05:22.721+10:00,gdax,5.02283105,4.377
bnbbtc,2024-09-21T01:05:22.641+10:00,binance,0.095,0.008999
rezusdt,2024-09-21T01:05:22.649+10:00,huobi,2375.297,0.0421
algousd,2024-09-21T01:05:22.722+10:00,gdax,17.9,0.1345
unfiusdt,2024-09-21T01:05:22.602+10:00,mexc,625.78,2.746
weethusd,2024-09-21T01:05:22.729+10:00,tiingo,1.0E-7,2661.440003060209
portalusdt,2024-09-21T01:05:22.669+10:00,huobi,252.19850000000002,0.30381647487990615
avaxusdt,2024-09-21T01:05:22.664+10:00,poloniex,23.437756,28.102449166208576
pdausdt,2024-09-21T01:05:22.634+10:00,mexc,25.79,0.048859999999999994
pondusdt,2024-09-21T01:05:22.623+10:00,mexc,752.2,0.0136
runeusdt,2024-09-21T01:05:22.680+10:00,huobi,70.2243,4.549160753186576
ldousd,2024-09-21T01:05:22.754+10:00,gdax,3622.18,1.0889001319647285
ioiusdt,2024-09-21T01:05:22.673+10:00,kucoin,5605.8774,0.01719
jstusdt,2024-09-21T01:05:22.669+10:00,poloniex,43145.522999999994,0.02849422586800025
belusdt,2024-09-21T01:05:22.683+10:00,binance,19.0,0.629
nearusdt,2024-09-21T01:05:22.679+10:00,poloniex,65.10191,4.442937352682894
ankrusdt,2024-09-21T01:05:22.686+10:00,binance,5693.3,0.028347025802258796
briseusdt,2024-09-21T01:05:22.697+10:00,huobi,1.41818418E8,8.5E-8
mkrusd,2024-09-21T01:05:22.771+10:00,gdax,1.279003,1566.7673667536353
forusdt,2024-09-21T01:05:22.618+10:00,bibox,222.5725,0.00372
tonbtc,2024-09-21T01:05:22.710+10:00,binance,2.04,9.063E-5
doviusdt,2024-09-21T01:05:22.716+10:00,huobi,485.6902,0.0884
bonkusdt,2024-09-21T01:05:22.679+10:00,okex,1362959.0,1.8470853260442907E-5
soulusdt,2024-09-21T01:05:22.739+10:00,huobi,116828.652,3.624000000000001E-4
wavesusdt,2024-09-21T01:05:22.757+10:00,huobi,110.50999999999999,1.0876998009229935
dydxusdt,2024-09-21T01:05:22.759+10:00,huobi,238.661,0.9828525400463419
tngospageurusdc,2024-09-21T01:05:21.000+10:00,uniswapv3arbitrum,1.0E-13,1.1133449746335529
fitfiusdt,2024-09-21T01:05:22.767+10:00,huobi,29624.9392,0.0030470000000000002
ctcusdt,2024-09-21T01:05:22.780+10:00,huobi,450.00030000000004,0.44935641627350026
gmmusdt,2024-09-21T01:05:22.778+10:00,mexc,9079.78,1.3927E-4
tngospcrvusdusdc,2024-09-21T01:05:21.000+10:00,curvefiarbitrum,1.0E-13,0.9956311568473004
pdausdt,2024-09-21T01:05:22.778+10:00,binance,2643.5,0.04889999999999999
ontusdt,2024-09-21T01:05:22.773+10:00,binance,42.0,0.1868
tngospwstetheth,2024-09-21T01:05:21.000+10:00,balancerarbitrum,1.0E-13,1.177168592371899
btcusdt,2024-09-21T01:05:22.703+10:00,bibox,0.0057940000000000005,63877.6488781498
qkcusdt,2024-09-21T01:05:22.794+10:00,binance,69369.0,0.00919
solusdt,2024-09-21T01:05:06.000+10:00,raydium,0.009529562,148.57765760902757
galausd,2024-09-21T01:05:22.000+10:00,bitstamp,1000.0,0.02038
duskusdt,2024-09-21T01:05:22.816+10:00,binance,734.0,0.2298
sandusdt,2024-09-21T01:05:22.842+10:00,poloniex,507.67490000000004,0.27264852666539147
nexgusdt,2024-09-21T01:05:22.860+10:00,kucoin,31246.800000000003,0.0044412481278082875
nexgusdt,2024-09-21T01:05:22.860+10:00,kucoin,218.8,0.00453353747714808
linkusdt,2024-09-21T01:05:22.869+10:00,binance,464.45,11.620786952309183
balusdt,2024-09-21T01:05:22.874+10:00,mexc,3.61,1.99
dkausdt,2024-09-21T01:05:22.889+10:00,huobi,1383.49,0.02038515571489494
scrtusdt,2024-09-21T01:05:22.881+10:00,mexc,44.31,0.2187
xcnusdt,2024-09-21T01:05:22.895+10:00,huobi,29368.576,0.001362
zeususdt,2024-09-21T01:05:22.880+10:00,poloniex,204463.6,1.8925741305542893E-5
nexgusdt,2024-09-21T01:05:22.885+10:00,kucoin,1759.0,0.004553857305287095
sundogusdt,2024-09-21T01:05:22.896+10:00,huobi,3856.0755999999997,0.33564944489988735
nexgusdt,2024-09-21T01:05:22.885+10:00,kucoin,117.6,0.004593988095238096
nexgusdt,2024-09-21T01:05:22.885+10:00,kucoin,292.4,0.00461
bnxtry,2024-09-21T01:05:22.895+10:00,binance,857.2,50.0712599160056
mxcusdt,2024-09-21T01:05:22.923+10:00,huobi,3267.0200000000004,0.007187488524710591
bondusdt,2024-09-21T01:05:22.913+10:00,gateio,976.23,2.400043022648351
arrrusdt,2024-09-21T01:05:22.929+10:00,mexc,156.34,0.17871031086094408
mxusdt,2024-09-21T01:05:22.934+10:00,mexc,739.5799999999999,3.9880815070715805
alphausdt,2024-09-21T01:05:22.939+10:00,mexc,20.13,0.0626
uftusdt,2024-09-21T01:05:22.948+10:00,huobi,171.16,0.23369999999999996
rlyusdt,2024-09-21T01:05:22.957+10:00,huobi,2131.72,0.005955
htusdt,2024-09-21T01:05:22.941+10:00,poloniex,398.91527,0.23886437711446842
solusdc,2024-09-21T01:05:06.000+10:00,meteora,0.064271621,148.61079978051276
solusdc,2024-09-21T01:05:06.000+10:00,raydium,0.064271621,148.61079978051276
crvusd,2024-09-21T01:05:23.051+10:00,gdax,1028.12,0.2874604374975684
santosusdt,2024-09-21T01:05:22.978+10:00,binance,10.3,2.7
daiusd,2024-09-21T01:05:23.057+10:00,gdax,7.00268,0.9999
dogeusdt,2024-09-21T01:05:22.987+10:00,poloniex,8340.398,0.10686094726114993
tomiusdt,2024-09-21T01:05:22.972+10:00,bybit,1998.4,0.0522
tomiusdt,2024-09-21T01:05:22.972+10:00,bybit,1998.4,0.0522
mxmusdt,2024-09-21T01:05:23.010+10:00,mexc,3645.77,0.00992
waxpusdt,2024-09-21T01:05:23.018+10:00,huobi,2619.33,0.033798000710105254
ksmusdt,2024-09-21T01:05:23.027+10:00,huobi,5.192,21.223390909090906
axsusdt,2024-09-21T01:05:23.038+10:00,huobi,27.8747,5.031843240644742
pandousdt,2024-09-21T01:05:23.054+10:00,huobi,97585.2444,1.33E-4
opusdt,2024-09-21T01:05:23.049+10:00,binance,16482.17,1.683399278129033
ontusdt,2024-09-21T01:05:23.066+10:00,huobi,1324.3706,0.1853
opusdt,2024-09-21T01:05:23.052+10:00,kucoin,130.0,1.683
rayusdt,2024-09-21T01:05:23.062+10:00,mexc,4.76,1.6369
pendleusdc,2024-09-21T01:05:23.062+10:00,binance,93.0,3.5901010752688176
opusdt,2024-09-21T01:05:23.030+10:00,okex,2658.5905000000002,1.6826300144569086
tomiusdt,2024-09-21T01:05:23.054+10:00,bybit,1439.32,0.052099999999999994
ladysusdt,2024-09-21T01:05:23.065+10:00,mexc,7.3618267E7,1.0007E-7
tomiusdt,2024-09-21T01:05:23.054+10:00,bybit,1439.32,0.052099999999999994
opusdt,2024-09-21T01:05:23.036+10:00,okex,170.6307,1.6845256432752138
agldusdt,2024-09-21T01:05:22.936+10:00,bibox,0.09920000000000001,0.9020695564516128
ladysusdt,2024-09-21T01:05:23.065+10:00,mexc,6.4125281E7,1.0032E-7
opusdc,2024-09-21T01:05:23.042+10:00,okex,59.9045,1.6839
briseusdt,2024-09-21T01:05:23.092+10:00,mexc,1.24021783E8,8.443E-8
ezethusd,2024-09-21T01:05:23.162+10:00,tiingo,1.0E-7,2590.0599336135797
stepeur,2024-09-21T01:05:23.121+10:00,kraken,308.37004405,0.0454
imxusdt,2024-09-21T01:05:23.100+10:00,huobi,49.6322,1.573356531646794
blzusdt,2024-09-21T01:05:23.093+10:00,binance,6273.0,0.15541005898294277
wbtcusdt,2024-09-21T01:05:23.099+10:00,mexc,2.0E-4,63772.47
zkjusdt,2024-09-21T01:05:23.054+10:00,okex,37.4344,1.1573
aktusdt,2024-09-21T01:05:23.111+10:00,huobi,14.808,2.7013
linkusdt,2024-09-21T01:05:23.060+10:00,okex,1.1614,11.621741691062512
rezusdt,2024-09-21T01:05:23.115+10:00,binance,755.3,0.0421
usdcusdt,2024-09-21T01:05:23.112+10:00,binance,1309.0,0.9998098548510312
racausdt,2024-09-21T01:05:23.111+10:00,kucoin,170537.1262,1.607E-4
stcusdt,2024-09-21T01:05:23.133+10:00,mexc,44061.32,8.599680091290955E-4
forusdt,2024-09-21T01:05:23.135+10:00,huobi,3430.23,0.003747
opusdt,2024-09-21T01:05:23.087+10:00,okex,86.1307,1.6836794508810446
csixusdt,2024-09-21T01:05:23.145+10:00,huobi,27849.7967,0.017602693417438843
audiousdt,2024-09-21T01:05:23.148+10:00,huobi,303.0304,0.132
ethfiusdt,2024-09-21T01:05:23.148+10:00,binance,1570.0000000000002,1.564625859872611
quick2usdt,2024-09-21T01:05:23.160+10:00,mexc,25.86,0.04872
omusdt,2024-09-21T01:05:23.152+10:00,binance,711.0,1.1975419127988747
ceekusdt,2024-09-21T01:05:23.176+10:00,huobi,415.2097,0.0316
gtaiusdt,2024-09-21T01:05:23.182+10:00,mexc,44.51,0.4955
pyrusdt,2024-09-21T01:05:23.151+10:00,huobi,7.1776,2.7865000000000006
renusdt,2024-09-21T01:05:23.187+10:00,huobi,3092.6500000000005,0.04203599635264255
arbusdt,2024-09-21T01:05:23.184+10:00,poloniex,452.4364,0.5732831532343551
zetausdt,2024-09-21T01:05:23.207+10:00,huobi,303.4129,0.6508685340339848
aptusdt,2024-09-21T01:05:23.197+10:00,poloniex,32.21203,6.825117371988044
axsusdt,2024-09-21T01:05:23.163+10:00,okex,0.2,5.035999999999999
xdcusdt,2024-09-21T01:05:23.220+10:00,huobi,2987.2654,0.02828845146249811
sagausdt,2024-09-21T01:05:23.219+10:00,binance,701.0,2.429448873038517
fttusdt,2024-09-21T01:05:23.233+10:00,huobi,114.8342,1.3217519627428067
ftmusdc,2024-09-21T01:05:23.245+10:00,mexc,2.2,0.6497101
sqdusdt,2024-09-21T01:05:23.253+10:00,mexc,181.4,0.03852
clvusdt,2024-09-21T01:05:23.256+10:00,huobi,1934.3530999999998,0.043695366590515455
hookusdt,2024-09-21T01:05:23.263+10:00,binance,288.0,0.45426402777777786
routeusdt,2024-09-21T01:05:23.279+10:00,mexc,2998.14,0.03695
omgusdt,2024-09-21T01:05:23.283+10:00,huobi,221.35649999999998,0.32960000000000006
wldusdt,2024-09-21T01:05:23.270+10:00,poloniex,116.59695,1.6415945122921312
ftmusdt,2024-09-21T01:05:23.286+10:00,mexc,1235.41,0.6516
ogvusdt,2024-09-21T01:05:23.295+10:00,huobi,5553.088,0.009004
trxusdt,2024-09-21T01:05:23.288+10:00,poloniex,1381.652,0.15245487107462666
sunusdt,2024-09-21T01:05:23.311+10:00,huobi,1823.2,0.025769
wlknusdt,2024-09-21T01:05:23.314+10:00,huobi,40941.6584,9.77E-4
lbtcbtc,2024-09-21T01:05:23.309+10:00,mexc,2.37,3.4300000000000006E-6
agldusdt,2024-09-21T01:05:23.243+10:00,bibox,0.0956,0.9024999999999999
qntusdt,2024-09-21T01:05:21.116+10:00,gdax,4.8541,76.42
driftusdt,2024-09-21T01:05:23.347+10:00,huobi,634.3728,0.7426505228786607
blzusd,2024-09-21T01:05:21.159+10:00,gdax,352.7,0.15488338531329743
bicousd,2024-09-21T01:05:21.478+10:00,gdax,268.16999999999996,0.2391740090241265
umausdt,2024-09-21T01:05:23.348+10:00,huobi,100.29979999999999,2.32001352465309
artyusdt,2024-09-21T01:05:23.347+10:00,kucoin,5.0553,0.3836
lcxusd,2024-09-21T01:05:21.738+10:00,gdax,1081.8000000000002,0.13893795525975225
ctausdt,2024-09-21T01:05:23.363+10:00,huobi,1504.5708,0.1148
imxusd,2024-09-21T01:05:22.099+10:00,gdax,258.35,1.5751622450164504
aurorausd,2024-09-21T01:05:22.219+10:00,gdax,57.14,0.129
blzusd,2024-09-21T01:05:22.234+10:00,gdax,85.0,0.1552
pendlebtc,2024-09-21T01:05:23.361+10:00,binance,142.8,5.6221428571428565E-5
aktusd,2024-09-21T01:05:22.697+10:00,gdax,37.269999999999996,2.706235041588409
arusdt,2024-09-21T01:05:23.377+10:00,huobi,3.92,20.77295
varausd,2024-09-21T01:05:22.728+10:00,gdax,1227.0,0.02329754686226569
opusd,2024-09-21T01:05:23.119+10:00,gdax,2965.19,1.6819999999999997
psgusdt,2024-09-21T01:05:23.368+10:00,binance,2.55,2.322
maskusdt,2024-09-21T01:05:23.380+10:00,huobi,27.1505,2.3482
opusd,2024-09-21T01:05:23.123+10:00,gdax,2378.2,1.6831495668993357
opusdt,2024-09-21T01:05:23.125+10:00,gdax,32.83,1.683
ordiusdt,2024-09-21T01:05:23.389+10:00,huobi,14.2761,35.17440277316634
opusd,2024-09-21T01:05:23.128+10:00,gdax,677.82,1.683833289073795
zeususdt,2024-09-21T01:05:23.373+10:00,poloniex,52631.6,1.9E-5
abtusd,2024-09-21T01:05:23.154+10:00,gdax,1.0,1.8213
mblusdt,2024-09-21T01:05:23.392+10:00,huobi,22556.8174,0.002771202652560374
blzusd,2024-09-21T01:05:23.168+10:00,gdax,583.5,0.15534197086546703
kavausd,2024-09-21T01:05:23.385+10:00,gdax,32.12,0.4010746264009963
altusdt,2024-09-21T01:05:23.394+10:00,binance,4186.0,0.11560262780697562
artyusdt,2024-09-21T01:05:23.417+10:00,huobi,118.6345,0.38349999999999995
nakausdt,2024-09-21T01:05:23.410+10:00,poloniex,1354.3156,0.9614000000000001
notusdt,2024-09-21T01:05:23.422+10:00,binance,82435.0,0.008100000000000001
celousdt,2024-09-21T01:05:23.440+10:00,huobi,207.2462,0.5276309992656079
polcusdt,2024-09-21T01:05:23.444+10:00,huobi,1848.0876,0.006974
wldusdt,2024-09-21T01:05:23.435+10:00,binance,2597.1000000000004,1.6777950791267173
nanousdt,2024-09-21T01:05:23.456+10:00,huobi,33.0796,0.9479
tngospageurusdc,2024-09-21T01:05:22.000+10:00,uniswapv3arbitrum,1.0E-13,1.1133449746335529
alcxusdt,2024-09-21T01:05:23.329+10:00,bibox,0.0852,14.6854
wethusd,2024-09-21T01:05:23.538+10:00,tiingo,1.0E-7,2542.3843119586104
ratsusdt,2024-09-21T01:05:23.465+10:00,mexc,62786.11,1.2115E-4
c98usdt,2024-09-21T01:05:23.470+10:00,mexc,9.41,0.1341
cbetheth,2024-09-21T01:05:23.563+10:00,gdax,0.36424,1.0796
monusdt,2024-09-21T01:05:23.505+10:00,huobi,708.8886,0.1405
pepeusdt,2024-09-21T01:05:23.509+10:00,mexc,1.9154024E7,8.292840168467995E-6
idexusdt,2024-09-21T01:05:23.543+10:00,binance,2872.6,0.04280712177121771
tngospcrvusdusdt,2024-09-21T01:05:22.000+10:00,curvefiarbitrum,1.0E-13,0.9955552751947396
aceusdt,2024-09-21T01:05:23.543+10:00,kucoin,5487.813,0.002343
aausdt,2024-09-21T01:05:23.555+10:00,mexc,128.06,0.2246
phausdt,2024-09-21T01:05:23.566+10:00,huobi,355.0412,0.112663
ongusdt,2024-09-21T01:05:23.554+10:00,mexc,25.33,0.2965
wusdt,2024-09-21T01:05:23.565+10:00,huobi,3546.5336000000007,0.23967575337788988
chzusdt,2024-09-21T01:05:23.572+10:00,huobi,1396.0349999999999,0.05690948305708668
cakeusdt,2024-09-21T01:05:23.568+10:00,mexc,0.67,1.886
filusdt,2024-09-21T01:05:23.562+10:00,poloniex,95.30308000000001,3.8001122297411585
ldousdt,2024-09-21T01:05:23.582+10:00,mexc,921.26,1.0870037774352517
arkusdt,2024-09-21T01:05:23.579+10:00,binance,437.0,0.3752519450800916
ethwusdt,2024-09-21T01:05:23.541+10:00,okex,154.39860000000002,2.1800673976318437
gmeeusdt,2024-09-21T01:05:23.596+10:00,huobi,6546.0301,0.013832284363418984
solusdt,2024-09-21T01:05:23.586+10:00,poloniex,3.1432700000000002,148.49942109713768
cxtusdt,2024-09-21T01:05:23.602+10:00,huobi,1478.5961,0.0981
usdttry,2024-09-21T01:05:23.593+10:00,binance,614.0,34.00328990228013
samousdt,2024-09-21T01:05:23.598+10:00,mexc,1434.02,0.006867999999999999
usdttry,2024-09-21T01:05:23.593+10:00,binance,614.0,34.00328990228013
dogsusdt,2024-09-21T01:05:23.597+10:00,binance,528237.0,0.001010631684073626
soleur,2024-09-21T01:05:23.598+10:00,binance,4.471,133.01117199731604
peopleusdt,2024-09-21T01:05:23.616+10:00,huobi,9143.5923,0.0653685816441422
maxusdt,2024-09-21T01:05:23.610+10:00,kucoin,133.4,0.33471
gtaiusdt,2024-09-21T01:05:23.623+10:00,huobi,106.0934,0.4968
ltcusdt,2024-09-21T01:05:23.606+10:00,poloniex,6.431215,66.14662231366857
trbusdt,2024-09-21T01:05:23.618+10:00,binance,113.474,68.62427842501367
forusdt,2024-09-21T01:05:23.539+10:00,bibox,364.4372,0.0037345847103424134
tngospwstetheth,2024-09-21T01:05:22.000+10:00,balancerarbitrum,1.0E-13,1.177168592371899
opusdt,2024-09-21T01:05:23.645+10:00,huobi,1021.4504999999999,1.6823067788111123
dopusdt,2024-09-21T01:05:23.634+10:00,kucoin,116379.8,0.00291
syntusdt,2024-09-21T01:05:23.655+10:00,huobi,2319.2668000000003,0.06235738600750891
dydxusdt,2024-09-21T01:05:23.645+10:00,binance,6079.39,0.9830000000000001
pandorausdt,2024-09-21T01:05:23.659+10:00,huobi,0.073048,1440.2825050651625
dogsusdt,2024-09-21T01:05:23.662+10:00,mexc,1206131.8599999999,0.00101051688589173
uniusdt,2024-09-21T01:05:23.673+10:00,huobi,95.3685,6.899993166401905
iceusdt,2024-09-21T01:05:23.680+10:00,huobi,6563.2266,0.004168
rlyusdt,2024-09-21T01:05:23.680+10:00,huobi,2116.63,0.005923
tngospcrvusdusdc,2024-09-21T01:05:22.000+10:00,curvefiarbitrum,1.0E-13,0.9956311568473004
mantausdt,2024-09-21T01:05:23.707+10:00,huobi,141.2004,0.7906219058869522
blzusdt,2024-09-21T01:05:23.710+10:00,huobi,258.85999999999996,0.15623332689484667
idexusdt,2024-09-21T01:05:23.713+10:00,huobi,2594.2094,0.0427
btcusdt,2024-09-21T01:05:23.712+10:00,binance,2.18653,63887.137257252296
solusdc,2024-09-21T01:05:07.000+10:00,raydium,17.14113552,148.64473401001385
prclusdt,2024-09-21T01:05:23.731+10:00,huobi,2415.9880000000003,0.23694444811811977
dkausdt,2024-09-21T01:05:23.737+10:00,huobi,700.92,0.020127
shibusdt,2024-09-21T01:05:23.726+10:00,poloniex,8.0896076E7,1.446713074337499E-5
bakeusdt,2024-09-21T01:05:23.735+10:00,binance,65.7,0.2697126331811263
msolsol,2024-09-21T01:05:07.000+10:00,raydium,0.274690832,1.2184847108402947
icpusd,2024-09-21T01:05:23.822+10:00,gdax,378.7189,8.331958051473004
manausdt,2024-09-21T01:05:23.748+10:00,poloniex,2824.4296,0.30029173093214995
nexousdt,2024-09-21T01:05:23.759+10:00,binance,26.9,1.039
ordiusdt,2024-09-21T01:05:23.721+10:00,okex,94.48539999999998,35.13998945022194
eosusdt,2024-09-21T01:05:23.761+10:00,poloniex,1603.4171999999999,0.5170302671756298
zilusdt,2024-09-21T01:05:23.768+10:00,binance,3408.0,0.01467
pepeusdt,2024-09-21T01:05:23.782+10:00,huobi,7.758878745999999E8,8.294105265143394E-6
btcusdt,2024-09-21T01:05:23.732+10:00,okex,0.5735093,63886.73052722946
1inchusdt,2024-09-21T01:05:23.786+10:00,huobi,658.3433,0.27386126981120645
pandousdt,2024-09-21T01:05:23.793+10:00,huobi,100040.7194,1.34E-4
availusdt,2024-09-21T01:05:23.805+10:00,huobi,286.8824,0.14793
sunusdt,2024-09-21T01:05:23.792+10:00,poloniex,18743.170000000006,0.02576834666355797
tngospageurusdc,2024-09-21T01:05:23.000+10:00,uniswapv3polygon,1.0E-13,1.1133262427283162
gtaiusdt,2024-09-21T01:05:23.820+10:00,huobi,154.7203,0.496
taousdt,2024-09-21T01:05:23.837+10:00,binance,10.5258,429.3661165897128
fisusdt,2024-09-21T01:05:23.838+10:00,binance,87.0,0.3367402298850574
fireusdt,2024-09-21T01:05:23.828+10:00,kucoin,4.0188,1.56175
oetheth,2024-09-21T01:05:23.918+10:00,tiingo,1.0E-7,0.9988842621162172
nearusdc,2024-09-21T01:05:23.836+10:00,binance,57.4,4.462780487804879
bnbusdt,2024-09-21T01:05:23.844+10:00,binance,10.769000000000002,574.9957099080694
nearusdt,2024-09-21T01:05:23.805+10:00,okex,137.12764398000002,4.461076803480205
forusdt,2024-09-21T01:05:23.859+10:00,huobi,3400.3,0.003737
furyusdt,2024-09-21T01:05:23.848+10:00,kucoin,232.39,0.12847115194285472
enjusdt,2024-09-21T01:05:23.781+10:00,bibox,192.3173,0.155
ovrusdt,2024-09-21T01:05:23.860+10:00,mexc,158.11,0.1565
drgnusdt,2024-09-21T01:05:23.866+10:00,huobi,20000.0,0.00123
ampusdt,2024-09-21T01:05:23.867+10:00,huobi,22950.727899999998,0.003921444381478637
mxcusdt,2024-09-21T01:05:23.868+10:00,huobi,1640.37,0.007199
bnbusdt,2024-09-21T01:05:23.871+10:00,mexc,1.0789999999999997,574.9019462465246
ontusdt,2024-09-21T01:05:23.890+10:00,binance,741.0,0.18662672064777325
arkmusdt,2024-09-21T01:05:23.903+10:00,binance,7546.4,1.2060119129651221
usdtbrl,2024-09-21T01:05:23.905+10:00,binance,505.29999999999995,5.415509994062933
usdtbrl,2024-09-21T01:05:23.905+10:00,binance,505.29999999999995,5.415509994062933
tkousdt,2024-09-21T01:05:23.915+10:00,mexc,28.14,0.391
nearusdc,2024-09-21T01:05:23.864+10:00,okex,47.2514,4.463
floki2usdt,2024-09-21T01:05:23.918+10:00,binance,1.5808329E7,1.366736286643579E-4
solusdt,2024-09-21T01:05:23.870+10:00,okex,124.64791200000002,148.6269677750398
ookiusdt,2024-09-21T01:05:23.921+10:00,binance,72939.0,0.001371
dodousdt,2024-09-21T01:05:23.928+10:00,huobi,389.6019,0.12894992953063114
ceekusdt,2024-09-21T01:05:23.943+10:00,huobi,418.231,0.0317
lrdsusdt,2024-09-21T01:05:23.946+10:00,huobi,200.0,0.612
beltry,2024-09-21T01:05:23.937+10:00,binance,4.37,21.378924485125854
solusdc,2024-09-21T01:05:07.000+10:00,orca,0.011580558,148.612873403855
tnsrusdt,2024-09-21T01:05:23.953+10:00,huobi,528.908,0.38891862724708265
solusdc,2024-09-21T01:05:07.000+10:00,raydium,0.011580558,148.612873403855
vrausdt,2024-09-21T01:05:23.952+10:00,huobi,6660.2018,0.003912008825678525
massusdt,2024-09-21T01:05:23.957+10:00,mexc,588.79,0.002138
duskusdt,2024-09-21T01:05:23.959+10:00,mexc,38.42,0.22983
memeusdt,2024-09-21T01:05:23.972+10:00,mexc,114.29,0.01102
ethfiusdt,2024-09-21T01:05:23.976+10:00,huobi,633.7981,1.5644216251516059
clvusdt,2024-09-21T01:05:23.987+10:00,huobi,1017.4042,0.0437
scausdt,2024-09-21T01:05:23.989+10:00,huobi,159.05,0.3448
cgptusdt,2024-09-21T01:05:23.993+10:00,kucoin,3835.95,0.126
cgptusdt,2024-09-21T01:05:23.993+10:00,kucoin,1330.74,0.1261929362610277
wemixusdt,2024-09-21T01:05:24.010+10:00,huobi,42.1197,0.9115320030769449
nexgusdt,2024-09-21T01:05:24.004+10:00,kucoin,487.5,0.00452
degenusdt,2024-09-21T01:05:23.989+10:00,bybit,82864.22,0.004639728041849667
degenusdt,2024-09-21T01:05:23.989+10:00,bybit,82864.22,0.004639728041849667
icpusdt,2024-09-21T01:05:24.016+10:00,poloniex,46.10664,8.311528153428661
arkerusdt,2024-09-21T01:05:24.037+10:00,mexc,94180.97,8.5E-5
ethusdt,2024-09-21T01:05:24.042+10:00,mexc,7.569069999999999,2542.1686441134775
tenetusdt,2024-09-21T01:05:24.054+10:00,huobi,22148.8235,0.004461571683954229
hbarusd,2024-09-21T01:05:24.146+10:00,gdax,48815.3,0.05338951726200596
axsusdt,2024-09-21T01:05:24.068+10:00,binance,21.08,5.034
ethfiusdt,2024-09-21T01:05:24.080+10:00,binance,64.59999999999998,1.5649597523219816
nexgusdt,2024-09-21T01:05:24.079+10:00,kucoin,1053.3,0.004510671223772904
nexgusdt,2024-09-21T01:05:24.079+10:00,kucoin,1163.5,0.00455
mntusdt,2024-09-21T01:05:24.062+10:00,bybit,3715.3,0.6129351182946194
mntusdt,2024-09-21T01:05:24.062+10:00,bybit,3715.3,0.6129351182946194
zcxusdt,2024-09-21T01:05:24.074+10:00,huobi,1250.4497000000001,0.0744
gameusdt,2024-09-21T01:05:24.102+10:00,huobi,62172.5793,0.0036716749602408727
jupusdt,2024-09-21T01:05:24.104+10:00,binance,4417.2,0.8560832359865977
melosusdt,2024-09-21T01:05:24.098+10:00,kucoin,11612.5507,0.0023983
vsysusdt,2024-09-21T01:05:24.099+10:00,mexc,41620.89,4.593E-4
flrusdt,2024-09-21T01:05:24.116+10:00,mexc,82.25,0.01534
pushusdt,2024-09-21T01:05:24.117+10:00,kucoin,4.5354,0.0683
paxgusdt,2024-09-21T01:05:24.119+10:00,mexc,0.00558,2598.65
strkusdt,2024-09-21T01:05:24.122+10:00,binance,17606.36,0.40299706924088796
strkusdt,2024-09-21T01:05:24.150+10:00,huobi,1074.6246,0.40375843935640404
taousdt,2024-09-21T01:05:24.135+10:00,gateio,59.0542,429.4484917245513
strikeusdt,2024-09-21T01:05:24.157+10:00,mexc,3.62,6.6039779005524855
acmusdt,2024-09-21T01:05:24.150+10:00,binance,18.8,1.485
ghstusdt,2024-09-21T01:05:24.159+10:00,binance,38.599999999999994,0.8697227979274613
tngospageurusdc,2024-09-21T01:05:23.000+10:00,uniswapv3arbitrum,1.0E-13,1.1133449746335529
cvxusdt,2024-09-21T01:05:24.162+10:00,binance,47.237,2.117
spellusdt,2024-09-21T01:05:24.159+10:00,mexc,4388.34,5.742500043296554E-4
cvcusdt,2024-09-21T01:05:24.166+10:00,binance,761.0,0.11398475689881733
pythusdt,2024-09-21T01:05:24.184+10:00,huobi,794.8557999999999,0.32522670114352825
tokenusdt,2024-09-21T01:05:24.187+10:00,kucoin,5374.6335,0.06411
manekiusdt,2024-09-21T01:05:24.211+10:00,huobi,34292.0279,0.00656268391627548
ornusdt,2024-09-21T01:05:24.208+10:00,binance,16.5,1.305581818181818
ngcusdt,2024-09-21T01:05:24.230+10:00,mexc,456.24,0.01827
badgerusdt,2024-09-21T01:05:24.229+10:00,huobi,19.620600000000003,3.0580460964496496
bnbfdusd,2024-09-21T01:05:24.220+10:00,binance,11.543,575.2
arbusdt,2024-09-21T01:05:24.235+10:00,huobi,595.711,0.5839315990304023
solfdusd,2024-09-21T01:05:24.224+10:00,binance,284.92799999999994,148.62003822018198
blzusdt,2024-09-21T01:05:24.238+10:00,huobi,86.21,0.1561
likeusdt,2024-09-21T01:05:24.245+10:00,kucoin,163.2,0.05288
bchusdt,2024-09-21T01:05:24.249+10:00,poloniex,2.463956,344.05419052125933
ckbusdt,2024-09-21T01:05:24.268+10:00,huobi,15788.050000000001,0.017427105792672305
arpausdt,2024-09-21T01:05:24.247+10:00,binance,10516.300000000001,0.04438327624734935
spellusdt,2024-09-21T01:05:24.257+10:00,huobi,17391.3044,5.75E-4
arpausdt,2024-09-21T01:05:24.254+10:00,binance,17735.3,0.04442730932095876
arpatry,2024-09-21T01:05:24.255+10:00,binance,6686.0,1.5096948848339815
eurtusd,2024-09-21T01:05:24.355+10:00,tiingo,1.0E-7,1.0957980534608596
ltcusd,2024-09-21T01:05:24.357+10:00,gdax,2.21983688,66.21
btceur,2024-09-21T01:05:24.348+10:00,kraken,0.00194161,57212.9
xavausdt,2024-09-21T01:05:24.303+10:00,kucoin,9.6548,0.42410000000000003
polcusdt,2024-09-21T01:05:24.321+10:00,huobi,1857.5792,0.007007
sweatusdt,2024-09-21T01:05:24.329+10:00,huobi,12156.294699999999,0.007269808025590233
arpausdt,2024-09-21T01:05:24.350+10:00,mexc,228.91,0.04444
vrtxusdt,2024-09-21T01:05:24.352+10:00,huobi,925.2338,0.0762
fxusdt,2024-09-21T01:05:24.363+10:00,huobi,418.8304,0.1397
lambusdt,2024-09-21T01:05:24.314+10:00,okex,398729.317616,0.001644
opusdt,2024-09-21T01:05:24.336+10:00,bybit,7813.449999999999,1.6832218079081585
opusdt,2024-09-21T01:05:24.336+10:00,bybit,7813.449999999999,1.6832218079081585
jstusdt,2024-09-21T01:05:24.376+10:00,huobi,6829.26,0.028490040736478036
nearusdt,2024-09-21T01:05:24.359+10:00,poloniex,7.20783,4.43476908861613
xaiusdt,2024-09-21T01:05:24.373+10:00,mexc,5.91,0.2134
suiusdt,2024-09-21T01:05:24.376+10:00,poloniex,365.62610000000006,1.4241188309587307
aipadusdt,2024-09-21T01:05:24.407+10:00,mexc,339.92,0.05444000000000001
pendleusdt,2024-09-21T01:05:24.409+10:00,huobi,103.21010000000001,3.586984853517243
sdaousdt,2024-09-21T01:05:24.400+10:00,kucoin,1.6239,0.3039
sdaousdt,2024-09-21T01:05:24.400+10:00,kucoin,61.129900000000006,0.3042968115439417
sdaousdt,2024-09-21T01:05:24.400+10:00,kucoin,13.0147,0.30445886728084404
hiveusdt,2024-09-21T01:05:24.417+10:00,mexc,25.26,0.1942
nakausdt,2024-09-21T01:05:24.418+10:00,mexc,1510.41,0.9616
1inchusdt,2024-09-21T01:05:24.426+10:00,mexc,4.61,0.2737
notusdt,2024-09-21T01:05:24.390+10:00,okex,38760.399999999994,0.008100239522811943
nottry,2024-09-21T01:05:24.438+10:00,binance,39285.0,0.2752926485936108
mirusdt,2024-09-21T01:05:24.443+10:00,mexc,88.06,0.0143
steemusdt,2024-09-21T01:05:24.454+10:00,huobi,770.9995,0.1823
beerusdt,2024-09-21T01:05:24.459+10:00,huobi,1.018789527E7,1.692E-5
tngospcrvusdusdt,2024-09-21T01:05:23.000+10:00,curvefiarbitrum,1.0E-13,0.9955552751947396
1000satstry,2024-09-21T01:05:24.465+10:00,binance,4031558.0,0.01055938496308375
linkusdt,2024-09-21T01:05:24.479+10:00,huobi,90.6,11.619255728476821
wifusdt,2024-09-21T01:05:24.475+10:00,kucoin,167.68959999999998,1.8383814655172415
jtousdt,2024-09-21T01:05:24.479+10:00,binance,746.0,2.3230343163538882
tngospwstetheth,2024-09-21T01:05:23.000+10:00,balancerarbitrum,1.0E-13,1.177168592371899
yggusdt,2024-09-21T01:05:24.491+10:00,huobi,684.4723,0.4678410825536694
beerusdt,2024-09-21T01:05:24.487+10:00,mexc,1171959.12,1.695E-5
grtusdt,2024-09-21T01:05:24.485+10:00,binance,872.0,0.16106410550458716
neirousdt,2024-09-21T01:05:24.485+10:00,mexc,592.78,0.004251499578258377
kicksusdt,2024-09-21T01:05:24.492+10:00,mexc,41796.07,1.778E-4
zeususdt,2024-09-21T01:05:24.486+10:00,poloniex,258335.9,1.8943184629004334E-5
ethtusd,2024-09-21T01:05:24.489+10:00,mexc,0.00275,2543.7
mntusdc,2024-09-21T01:05:24.471+10:00,bybit,2.0,0.61185
cosusdt,2024-09-21T01:05:24.482+10:00,binance,660.6,0.007460999999999999
mntusdc,2024-09-21T01:05:24.471+10:00,bybit,2.0,0.61185
pandousdt,2024-09-21T01:05:24.504+10:00,huobi,99951.6772,1.37E-4
compusdt,2024-09-21T01:05:24.506+10:00,huobi,3.1364289999999997,45.56065780860973
beerusdt,2024-09-21T01:05:24.519+10:00,huobi,1171959.12,1.696E-5
xrpusdt,2024-09-21T01:05:24.527+10:00,huobi,1210.43,0.5899417749064382
pythusdt,2024-09-21T01:05:24.503+10:00,bybit,7206.67,0.3252312252399513
pythusdt,2024-09-21T01:05:24.503+10:00,bybit,7206.67,0.3252312252399513
satsusdt,2024-09-21T01:05:24.485+10:00,okex,1.452430173E9,3.1090275400564817E-7
linkusd,2024-09-21T01:05:24.611+10:00,gdax,1684.17,11.622647393077896
ordiusdt,2024-09-21T01:05:24.530+10:00,binance,99.72,35.16227637384677
dogeusdt,2024-09-21T01:05:24.493+10:00,okex,1147.956911,0.10688500589268196
rlyusdt,2024-09-21T01:05:24.549+10:00,huobi,2142.26,0.005971
ftmusdt,2024-09-21T01:05:24.542+10:00,binance,8140.0,0.6514022481572482
wrxusdt,2024-09-21T01:05:24.542+10:00,binance,355.5,0.13489999999999996
sntusdt,2024-09-21T01:05:24.544+10:00,binance,543.0,0.02342
xrpusdt,2024-09-21T01:05:24.547+10:00,binance,21482.0,0.5900424867330785
dogusdt,2024-09-21T01:05:24.558+10:00,mexc,490.95,0.002567
vetusdt,2024-09-21T01:05:24.565+10:00,huobi,656.7917,0.02325
bonkusdt,2024-09-21T01:05:24.544+10:00,bybit,6.3827239400000006E7,1.8477961384841124E-5
bonkusdt,2024-09-21T01:05:24.544+10:00,bybit,6.3827239400000006E7,1.8477961384841124E-5
dkausdt,2024-09-21T01:05:24.580+10:00,huobi,707.8,0.020578
bblusdt,2024-09-21T01:05:24.582+10:00,huobi,21106.6793,0.00764
laiusdt,2024-09-21T01:05:24.591+10:00,huobi,2251.0198,0.017067
arkusdt,2024-09-21T01:05:24.587+10:00,binance,85.0,0.3749176470588236
arkusdt,2024-09-21T01:05:24.588+10:00,binance,166.0,0.3746825301204819
usdcusdt,2024-09-21T01:05:24.572+10:00,bybit,303.98,0.9999390913875912
usdcusdt,2024-09-21T01:05:24.572+10:00,bybit,303.98,0.9999390913875912
tngospcrvusdusdc,2024-09-21T01:05:23.000+10:00,curvefiarbitrum,1.0E-13,0.9956311568473004
iotausdt,2024-09-21T01:05:24.622+10:00,huobi,514.8688,0.13595712484423217
dechatusdt,2024-09-21T01:05:24.645+10:00,huobi,802.6908000000001,0.2797228721943742
arkusdt,2024-09-21T01:05:24.660+10:00,binance,60.0,0.374525
sensousdt,2024-09-21T01:05:24.672+10:00,mexc,69.83,0.03983
xtzusdt,2024-09-21T01:05:24.671+10:00,huobi,117.9221,0.6951
acausdt,2024-09-21T01:05:24.661+10:00,binance,144.28,0.0648
driftusd,2024-09-21T01:05:24.737+10:00,gdax,260.67,0.7421330034142787
zetausdt,2024-09-21T01:05:24.624+10:00,okex,9.732,0.6511
analosusdt,2024-09-21T01:05:24.684+10:00,huobi,7603585.6066,3.13E-5
fetusdt,2024-09-21T01:05:24.673+10:00,binance,6482.599999999999,1.5920120476352082
eurteur,2024-09-21T01:05:24.766+10:00,tiingo,1.0E-7,0.9806762051057694
astrousdt,2024-09-21T01:05:24.695+10:00,mexc,1615.39,7.833E-4
celrusdt,2024-09-21T01:05:24.686+10:00,binance,11480.8,0.012773103268064944
kdausdt,2024-09-21T01:05:24.689+10:00,binance,50.370000000000005,0.6509999999999999
ceekusdt,2024-09-21T01:05:24.705+10:00,huobi,415.4254,0.0318
btcchf,2024-09-21T01:05:24.735+10:00,kraken,0.00351799,54134.6
msnusdt,2024-09-21T01:05:24.711+10:00,huobi,1844.22,0.11279999999999998
xautusdt,2024-09-21T01:05:24.721+10:00,huobi,0.030518,2598.3650193328526
wemixusdt,2024-09-21T01:05:24.721+10:00,huobi,13.975,0.9106
suipusdt,2024-09-21T01:05:24.724+10:00,mexc,2397.65,0.11000000000000001
riousdt,2024-09-21T01:05:24.736+10:00,huobi,43.901,1.0286
ernusdt,2024-09-21T01:05:24.721+10:00,binance,75.4,2.184
sxptry,2024-09-21T01:05:24.736+10:00,binance,205.3,11.285978080857282
racausdt,2024-09-21T01:05:24.750+10:00,huobi,352320.5301,1.702994715208054E-4
btctry,2024-09-21T01:05:24.740+10:00,binance,0.00688,2172439.136627907
sxpusdt,2024-09-21T01:05:24.741+10:00,binance,922.0999999999999,0.33236664136210825
sxpbtc,2024-09-21T01:05:24.741+10:00,binance,257.6,5.2E-6
cfxbtc,2024-09-21T01:05:24.756+10:00,binance,50.0,2.36E-6
cotitry,2024-09-21T01:05:24.755+10:00,binance,338.0,4.183
apteur,2024-09-21T01:05:24.754+10:00,binance,1.63,6.110000000000001
deeznutsusdt,2024-09-21T01:05:24.781+10:00,mexc,5074.47,2.17E-4
deeznutsusdt,2024-09-21T01:05:24.781+10:00,mexc,5000.0,2.1899999999999998E-4
sdaousdt,2024-09-21T01:05:24.776+10:00,kucoin,228.6542,0.30472464210147904
deeznutsusdt,2024-09-21T01:05:24.781+10:00,mexc,1136.29,2.2100000000000003E-4
elfusdt,2024-09-21T01:05:24.757+10:00,binance,310.0,0.379
costry,2024-09-21T01:05:24.756+10:00,binance,839.0,0.253
mblusdt,2024-09-21T01:05:24.785+10:00,huobi,9003.730599999999,0.0027705000247897245
zcxusdt,2024-09-21T01:05:24.786+10:00,mexc,1831.42,0.07452712703803605
qiusdt,2024-09-21T01:05:24.779+10:00,binance,677.0,0.01499
etcusdt,2024-09-21T01:05:24.816+10:00,huobi,33.2017,19.148100807187582
pivxusdt,2024-09-21T01:05:24.822+10:00,binance,172.0,0.223
mxusdt,2024-09-21T01:05:24.836+10:00,huobi,11.5,3.9362
cgptusdt,2024-09-21T01:05:24.837+10:00,huobi,867.73,0.12611887833773178
suiusdt,2024-09-21T01:05:24.824+10:00,poloniex,222.1031,1.4250515921659805
fxsusdt,2024-09-21T01:05:24.834+10:00,binance,146.9,2.005
asrusdt,2024-09-21T01:05:24.837+10:00,binance,11.2,1.8940000000000003
velousdt,2024-09-21T01:05:24.855+10:00,huobi,12157.3312,0.0159525363530032
filusdt,2024-09-21T01:05:24.869+10:00,huobi,145.3109,3.810576483388376
tngospageurusdc,2024-09-21T01:05:23.000+10:00,uniswapv3arbitrum,1.0E-13,1.1133449746335529
ethwusdt,2024-09-21T01:05:24.863+10:00,kucoin,46.99,2.174213768886997
agldusdt,2024-09-21T01:05:24.775+10:00,bibox,0.146,0.9011697260273973
forusdt,2024-09-21T01:05:24.767+10:00,bibox,1149.0861000000002,0.003762981112294369
latusdt,2024-09-21T01:05:24.875+10:00,huobi,5742.15,0.008783004574941442
aptusdt,2024-09-21T01:05:24.880+10:00,huobi,71.2356,6.8312995999191415
bnbusdt,2024-09-21T01:05:24.888+10:00,huobi,0.5372,574.85
ethwusdt,2024-09-21T01:05:24.875+10:00,mexc,1117.9696000000001,2.151014037501556
chessusdt,2024-09-21T01:05:24.896+10:00,mexc,7.36,0.1714
ctcusdt,2024-09-21T01:05:24.898+10:00,huobi,439.72159999999997,0.4487984934103761
scusdt,2024-09-21T01:05:24.895+10:00,binance,12633.0,0.004552130531148579
bbusdt,2024-09-21T01:05:24.915+10:00,huobi,2496.3754000000004,0.36528722245860934
alpacausdt,2024-09-21T01:05:24.905+10:00,mexc,13.25,0.18082
srmusdt,2024-09-21T01:05:24.920+10:00,huobi,3445.4334,0.029350868093982022
nexgusdt,2024-09-21T01:05:24.915+10:00,kucoin,28277.6,0.0045488733838798204
islmusdt,2024-09-21T01:05:24.930+10:00,mexc,2367.01,0.07129
filusdt,2024-09-21T01:05:24.924+10:00,poloniex,45.003870000000006,3.7992577693873884
gnousdt,2024-09-21T01:05:24.932+10:00,binance,0.172,162.9
zkusdt,2024-09-21T01:05:24.929+10:00,binance,55039.9,0.12804781731071457
latusdt,2024-09-21T01:05:24.934+10:00,mexc,143.16,0.008799
leverusdt,2024-09-21T01:05:24.932+10:00,binance,175412.0,0.002219758038218594
zkusdt,2024-09-21T01:05:24.930+10:00,binance,53415.0,0.12820907647664515
wanusdt,2024-09-21T01:05:24.949+10:00,huobi,180.58,0.1787
sushiusdt,2024-09-21T01:05:24.941+10:00,binance,177.3,0.6860490693739424
revvusdt,2024-09-21T01:05:24.959+10:00,huobi,10521.886,0.004752
cyberusdt,2024-09-21T01:05:24.951+10:00,binance,162.28,3.7054975967463646
dcrusdt,2024-09-21T01:05:24.953+10:00,binance,15.754,12.589101180652532
scusdt,2024-09-21T01:05:24.919+10:00,okex,105049.37568099999,0.004550772380993215
artyusdt,2024-09-21T01:05:24.968+10:00,mexc,35.03,0.3844
zkusdt,2024-09-21T01:05:24.962+10:00,bybit,6649.94,0.1280993831523292
zkusdt,2024-09-21T01:05:24.962+10:00,bybit,6649.94,0.1280993831523292
ethfitry,2024-09-21T01:05:24.988+10:00,binance,829.1,53.27927391147026
zkusdt,2024-09-21T01:05:24.950+10:00,okex,7154.13,0.1281
clvusdt,2024-09-21T01:05:25.007+10:00,huobi,1167.6961,0.0436
qntusd,2024-09-21T01:05:25.029+10:00,kraken,0.08362706,76.4
tonusdt,2024-09-21T01:05:24.957+10:00,okex,102.4875,5.789487852664959
zkusdt,2024-09-21T01:05:24.992+10:00,kucoin,1263.19,0.1282
bsvusdt,2024-09-21T01:05:24.963+10:00,okex,6.861388999999999,49.66211327473198
atomusdt,2024-09-21T01:05:25.017+10:00,huobi,93.969,4.575002450808245
enausdt,2024-09-21T01:05:25.023+10:00,huobi,720.6500000000001,0.2555814157940748
bomeusdt,2024-09-21T01:05:25.011+10:00,binance,468760.0,0.007207795206502262
reiusdt,2024-09-21T01:05:25.010+10:00,binance,209.0,0.05341
btcfdusd,2024-09-21T01:05:25.026+10:00,binance,3.701080000000016,63923.88010102427
avaxusdt,2024-09-21T01:05:25.039+10:00,huobi,11.5167,28.052103076402094
aptusdt,2024-09-21T01:05:24.997+10:00,okex,81.0,6.8331234567901245
nmreth,2024-09-21T01:05:25.037+10:00,mexc,0.04,0.0061530000000000005
qtumusdt,2024-09-21T01:05:25.049+10:00,huobi,18.1385,2.4698
pbxusdt,2024-09-21T01:05:25.047+10:00,mexc,103.0,0.1165
adausdt,2024-09-21T01:05:25.045+10:00,binance,613.4,0.3606903814802739
pbxusdt,2024-09-21T01:05:25.047+10:00,mexc,102.56,0.117
pbxusdt,2024-09-21T01:05:25.047+10:00,mexc,102.44,0.1175
dogeusd,2024-09-21T01:05:25.137+10:00,gdax,8106.200000000001,0.10687928943277984
fdusdusdt,2024-09-21T01:05:25.057+10:00,binance,232870.0,0.9996000000000002
injusdt,2024-09-21T01:05:25.067+10:00,binance,0.98,20.97734693877551
kncusdt,2024-09-21T01:05:25.084+10:00,huobi,572.37,0.5005984537973688
zerousdt,2024-09-21T01:05:25.084+10:00,huobi,586.8945,0.1291
mlnusdt,2024-09-21T01:05:25.071+10:00,binance,2.23,16.07
yggusdt,2024-09-21T01:05:25.038+10:00,okex,17911.967331,0.46850640805366484
nakausdt,2024-09-21T01:05:25.083+10:00,huobi,257.9324,0.9614741372545675
mlnusdt,2024-09-21T01:05:25.071+10:00,binance,0.893,16.09
1catusdt,2024-09-21T01:05:25.086+10:00,huobi,101086.8719,0.0018750000000000001
sunusdt,2024-09-21T01:05:25.074+10:00,binance,98007.0,0.02577197016539635
gameusdt,2024-09-21T01:05:25.089+10:00,huobi,3348.992,0.003682
xrpusdt,2024-09-21T01:05:25.097+10:00,mexc,61811.91,0.5899024927396678
zeususdt,2024-09-21T01:05:25.087+10:00,poloniex,143418.0,1.9E-5
rlyusdt,2024-09-21T01:05:25.104+10:00,huobi,2119.5,0.005955
nexgusdt,2024-09-21T01:05:25.104+10:00,huobi,48192.641700000015,0.004456239657951764
eosusdt,2024-09-21T01:05:25.105+10:00,huobi,136.9047,0.5169
thetausdt,2024-09-21T01:05:25.110+10:00,huobi,101.9807,1.4241
newusdt,2024-09-21T01:05:25.112+10:00,huobi,401181.8038,3.814E-5
manausdt,2024-09-21T01:05:25.099+10:00,poloniex,480.8535,0.30050729588117797
ssvusdt,2024-09-21T01:05:25.069+10:00,okex,0.4568,23.472189141856393
akrousdt,2024-09-21T01:05:25.110+10:00,binance,54673.0,0.004409441095238965
ethusdt,2024-09-21T01:05:25.117+10:00,binance,24.300299999999936,2542.15852820748
lptusdt,2024-09-21T01:05:25.127+10:00,huobi,4.7928,13.8896
btckrw,2024-09-21T01:05:25.090+10:00,upbit,0.0123515,8.5188E7
ewtusdt,2024-09-21T01:05:25.132+10:00,kucoin,16.1816,1.391
cereusdt,2024-09-21T01:05:25.145+10:00,kucoin,7571.322700000001,0.002742445731602485
sarosusdt,2024-09-21T01:05:25.162+10:00,huobi,134775.84350000002,0.0015529999999999997
cybertusd,2024-09-21T01:05:25.147+10:00,binance,8.87,3.7080000000000006
wbtcusd,2024-09-21T01:05:25.244+10:00,tiingo,1.0E-7,63786.50020744488
btcusdt,2024-09-21T01:05:25.142+10:00,bybit,2.659454,63881.22238760286
reefusdt,2024-09-21T01:05:25.174+10:00,huobi,122253.9007,0.0041462560733851505
aergousdt,2024-09-21T01:05:25.166+10:00,binance,7224.0,0.11539936323366558
ethusdt,2024-09-21T01:05:25.124+10:00,okex,0.6272840000000001,2541.8045159768144
btcusdt,2024-09-21T01:05:25.142+10:00,bybit,2.659454,63881.22238760286
dogsusdt,2024-09-21T01:05:25.127+10:00,okex,417345.0,0.0010105760119325739
axlusdt,2024-09-21T01:05:25.143+10:00,bybit,8.82,0.566
axlusdt,2024-09-21T01:05:25.143+10:00,bybit,8.82,0.566
truusdt,2024-09-21T01:05:25.174+10:00,binance,8397.0,0.10819999999999999
kasusdt,2024-09-21T01:05:25.189+10:00,mexc,7644.88,0.17228929430154563
forusdt,2024-09-21T01:05:25.077+10:00,bibox,417.31669999999997,0.0037267716314731713
htxusdt,2024-09-21T01:05:25.213+10:00,mexc,8432270.0,1.266E-6
pandousdt,2024-09-21T01:05:25.214+10:00,huobi,96527.7256,1.35E-4
renderusdt,2024-09-21T01:05:25.227+10:00,binance,6161.7300000000005,5.351861719030208
dashusdt,2024-09-21T01:05:25.244+10:00,huobi,5.494,25.38388605751729
dydxusdt,2024-09-21T01:05:25.196+10:00,okex,1375.8673820000001,0.9829302506551463
ethusd,2024-09-21T01:05:25.321+10:00,gdax,0.64207048,2542.2043650717287
gmxusdt,2024-09-21T01:05:25.252+10:00,huobi,4.3171,25.482663336499037
aevousdt,2024-09-21T01:05:25.260+10:00,huobi,2162.4221000000002,0.39275350275508186
aevousdt,2024-09-21T01:05:25.259+10:00,kucoin,126.22,0.393
tokenusdt,2024-09-21T01:05:25.257+10:00,mexc,1712.0,0.06398
vthousdt,2024-09-21T01:05:25.255+10:00,binance,866.0,0.00198
aevousdt,2024-09-21T01:05:25.257+10:00,binance,6684.1,0.393
sweatusdt,2024-09-21T01:05:25.272+10:00,huobi,1702.673,0.007271
crvusdt,2024-09-21T01:05:25.263+10:00,binance,8899.5,0.2872995449182538
auctionusdt,2024-09-21T01:05:25.271+10:00,huobi,12.144,15.752766967226615
athusdt,2024-09-21T01:05:25.224+10:00,okex,7999.6,0.06060699022451122
tribeusdt,2024-09-21T01:05:25.266+10:00,mexc,5.44,0.46375
usdtusd,2024-09-21T01:05:25.341+10:00,gdax,47894.96,1.0000107226960826
dmailusdt,2024-09-21T01:05:25.271+10:00,kucoin,2188.3544,0.2504
deeznutsusdt,2024-09-21T01:05:25.295+10:00,mexc,5012.19,2.32E-4
deeznutsusdt,2024-09-21T01:05:25.295+10:00,mexc,4954.95,2.3099999999999998E-4
deeznutsusdt,2024-09-21T01:05:25.295+10:00,mexc,1243.62,2.2899999999999998E-4
zrxusdt,2024-09-21T01:05:25.303+10:00,huobi,213.01999999999998,0.32430285419209465
fetusd,2024-09-21T01:05:25.380+10:00,gdax,327.1,1.592215071843473
imxusdt,2024-09-21T01:05:25.285+10:00,poloniex,93.8047,1.5655346315269916
winusdt,2024-09-21T01:05:25.309+10:00,huobi,457033.38,9.115999999999999E-5
iostusdt,2024-09-21T01:05:25.313+10:00,huobi,7010.2179,0.00526
aevousdt,2024-09-21T01:05:25.274+10:00,okex,1317.0349,0.3928
htxusdt,2024-09-21T01:05:25.306+10:00,poloniex,2.37431703E8,1.2652836389325817E-6
manausdt,2024-09-21T01:05:25.274+10:00,okex,213.051562,0.30041592503039233
dypusdt,2024-09-21T01:05:25.325+10:00,huobi,1915.709,0.0261
tngospwstetheth,2024-09-21T01:05:24.000+10:00,balancerarbitrum,1.0E-13,1.177168592371899
solgbp,2024-09-21T01:05:25.411+10:00,gdax,1.981,111.76840989399294
usdtusd,2024-09-21T01:05:25.376+10:00,kraken,653.492,1.00004
storjusdt,2024-09-21T01:05:25.322+10:00,binance,56.0,0.4103
newusdt,2024-09-21T01:05:25.336+10:00,mexc,33109.98,3.806E-5
xmrusdt,2024-09-21T01:05:25.329+10:00,poloniex,2.205759,176.57535335455958
funusdt,2024-09-21T01:05:25.326+10:00,binance,56961.0,0.0034919999999999994
kavausdt,2024-09-21T01:05:25.352+10:00,huobi,50.19,0.4
jupusdt,2024-09-21T01:05:25.356+10:00,huobi,308.28589999999997,0.8559100034740479
atomusdt,2024-09-21T01:05:25.339+10:00,poloniex,104.30227599999999,4.5725621419709
betausdt,2024-09-21T01:05:25.361+10:00,mexc,27.43,0.04594
fluxusdt,2024-09-21T01:05:25.367+10:00,huobi,162.132,0.6426402183406114
manabtc,2024-09-21T01:05:25.404+10:00,kraken,204.01646,4.69E-6
straxtry,2024-09-21T01:05:25.359+10:00,binance,1298.0,1.69
straxtry,2024-09-21T01:05:25.359+10:00,binance,510.0,1.687
vlxusdt,2024-09-21T01:05:25.379+10:00,huobi,9160.865,0.005458
blzusdt,2024-09-21T01:05:25.369+10:00,binance,11314.0,0.15554762241470743
tngospcrvusdusdt,2024-09-21T01:05:24.000+10:00,curvefiarbitrum,1.0E-13,0.9955552751947396
vicusdt,2024-09-21T01:05:25.414+10:00,huobi,174.1901,0.43099341621596177
btcdai,2024-09-21T01:05:25.401+10:00,binance,9.8E-4,63909.28
phbusdt,2024-09-21T01:05:25.419+10:00,huobi,35.9325,1.3915
solbtc,2024-09-21T01:05:25.408+10:00,binance,5.225,0.0023254000000000005
dkausdt,2024-09-21T01:05:25.426+10:00,huobi,687.68,0.020514
movrusdt,2024-09-21T01:05:25.432+10:00,mexc,0.1198,10.521
adxusdt,2024-09-21T01:05:25.447+10:00,huobi,265.4284,0.1507
sweatusdt,2024-09-21T01:05:25.452+10:00,huobi,6986.3113,0.007261
ceekusdt,2024-09-21T01:05:25.460+10:00,huobi,414.4543,0.0316
filusdt,2024-09-21T01:05:25.451+10:00,binance,247.20999999999998,3.811474616722625
furyusdt,2024-09-21T01:05:25.464+10:00,mexc,15.44,0.1286
iceusdt,2024-09-21T01:05:25.469+10:00,huobi,19012.5279,0.004163
tokenusdt,2024-09-21T01:05:25.443+10:00,bybit,1516.25,0.06401587930750206
tokenusdt,2024-09-21T01:05:25.443+10:00,bybit,1516.25,0.06401587930750206
barusdt,2024-09-21T01:05:25.478+10:00,mexc,30.43,1.7469999999999999
tonusdt,2024-09-21T01:05:25.474+10:00,binance,95.5,5.7900251308900526
bncusdt,2024-09-21T01:05:25.471+10:00,kucoin,125.5474,0.2136
forusdt,2024-09-21T01:05:25.387+10:00,bibox,244.6697,0.003702
wbtcbtc,2024-09-21T01:05:25.000+10:00,bitstamp,0.0479,0.9949999999999999
floki2usdt,2024-09-21T01:05:25.477+10:00,gateio,1.0477404E7,1.366750605044914E-4
ratsusdt,2024-09-21T01:05:25.495+10:00,huobi,542311.29,1.2106000000000001E-4
ngcusdt,2024-09-21T01:05:25.500+10:00,kucoin,544.0683,0.018131337866403904
nakausdt,2024-09-21T01:05:25.507+10:00,kucoin,0.29,0.9613
tngospcrvusdusdc,2024-09-21T01:05:24.000+10:00,curvefiarbitrum,1.0E-13,0.9956311568473004
tiausdt,2024-09-21T01:05:25.526+10:00,huobi,55.99470000000001,6.197484116711045
pushusdt,2024-09-21T01:05:25.518+10:00,kucoin,24.6461,0.06842763317522854
orbsusdt,2024-09-21T01:05:25.442+10:00,bibox,1923.89,0.02474
luna2usdt,2024-09-21T01:05:25.555+10:00,huobi,682.1092,0.40315731500176216
slftry,2024-09-21T01:05:25.546+10:00,binance,1424.8,14.563545058955643
notusdt,2024-09-21T01:05:25.549+10:00,mexc,111343.89000000001,0.008099986019888473
ethusdt,2024-09-21T01:05:25.547+10:00,poloniex,0.12026200000000001,2541.2884931233475
ethkrw,2024-09-21T01:05:25.529+10:00,upbit,2.7352380199999993,3387546.9240735415
upousdt,2024-09-21T01:05:25.554+10:00,mexc,1178.17,0.034024733951806614
perpusdt,2024-09-21T01:05:25.556+10:00,mexc,4.68,0.6801
latusdt,2024-09-21T01:05:25.565+10:00,huobi,1444.1,0.008777
tngospageurusdc,2024-09-21T01:05:24.000+10:00,uniswapv3arbitrum,1.0E-13,1.1133449746335529
mkrusdt,2024-09-21T01:05:25.567+10:00,binance,5.805399999999999,1567.2771213008584
mxcusdt,2024-09-21T01:05:25.586+10:00,huobi,3279.81,0.00721046006323537
manausdt,2024-09-21T01:05:25.607+10:00,poloniex,605.8946,0.300191065145654
athusdt,2024-09-21T01:05:25.638+10:00,huobi,2898.1427000000003,0.06062245257799071
stethusdt,2024-09-21T01:05:25.588+10:00,okex,0.003311,2541.34
perpusdt,2024-09-21T01:05:25.652+10:00,binance,2102.0499999999997,0.6799890040674579
ldousdt,2024-09-21T01:05:25.680+10:00,huobi,611.0609,1.090564605066369
gariusdt,2024-09-21T01:05:25.686+10:00,huobi,10687.89,0.007093000757867083
xrpusd,2024-09-21T01:05:25.763+10:00,gdax,7240.150850000001,0.5901523950038555
zenusdt,2024-09-21T01:05:25.712+10:00,huobi,3.4299,8.7468
btcusdt,2024-09-21T01:05:25.712+10:00,mexc,1.1966379999999999,63889.477933652444
spellusdt,2024-09-21T01:05:25.705+10:00,binance,706637.0,5.742E-4
dfusdt,2024-09-21T01:05:25.717+10:00,binance,853.0,0.0332
pbuxusdt,2024-09-21T01:05:25.731+10:00,huobi,2109.27,0.02298
ethwusdt,2024-09-21T01:05:25.682+10:00,okex,42.4191,2.183777951441685
aaveusdt,2024-09-21T01:05:25.716+10:00,poloniex,3.851326,150.9359090583347
xmrusdt,2024-09-21T01:05:25.744+10:00,huobi,0.5085999999999999,177.10000000000002
egldusdt,2024-09-21T01:05:25.746+10:00,binance,3.49,28.2
blzusdt,2024-09-21T01:05:25.750+10:00,binance,2645.0,0.15583894139886578
movrusdt,2024-09-21T01:05:25.770+10:00,huobi,2.4458,10.4998
mblusdt,2024-09-21T01:05:25.759+10:00,binance,276221.0,0.0027730661426900918
mblusdt,2024-09-21T01:05:25.759+10:00,binance,884630.0,0.002776343092592383
polyxusdt,2024-09-21T01:05:25.766+10:00,binance,116.4,0.2575
quick2usdt,2024-09-21T01:05:25.786+10:00,huobi,845.8149,0.048766806142573275
blzusdt,2024-09-21T01:05:25.787+10:00,binance,17561.0,0.15581646261602417
degenusdt,2024-09-21T01:05:25.763+10:00,okex,49679.0,0.004635
brwlusdt,2024-09-21T01:05:25.814+10:00,huobi,84613.59290000002,0.0014342629288408336
powrusdt,2024-09-21T01:05:25.813+10:00,huobi,3344.4757,0.21150000000000002
manausdt,2024-09-21T01:05:25.805+10:00,binance,1405.0,0.30015722419928825
sushiusdt,2024-09-21T01:05:25.823+10:00,huobi,225.7916,0.6870541816878928
strikebtc,2024-09-21T01:05:25.817+10:00,kucoin,2.0841,1.0377132095388899E-4
zrxusdt,2024-09-21T01:05:25.827+10:00,binance,38.0,0.32405
myrousdt,2024-09-21T01:05:25.869+10:00,huobi,1566.9003,0.08230781569835681
xprusdt,2024-09-21T01:05:25.849+10:00,kucoin,14827.3753,8.703E-4
galausdt,2024-09-21T01:05:25.870+10:00,huobi,16383.7312,0.020355495857652985
riousdt,2024-09-21T01:05:25.864+10:00,mexc,1.26,1.0057
dfynusdt,2024-09-21T01:05:25.877+10:00,mexc,157.65,0.008036
nftusdt,2024-09-21T01:05:25.882+10:00,huobi,2.15936677E8,4.1678886519264163E-7
dogeusdt,2024-09-21T01:05:25.872+10:00,binance,4985.0,0.10688582146439318
cetususdt,2024-09-21T01:05:25.838+10:00,okex,3151.755,0.0985132513155369
pandousdt,2024-09-21T01:05:25.922+10:00,huobi,97833.0212,1.36E-4
lskusdt,2024-09-21T01:05:25.935+10:00,huobi,85.60759999999999,0.8794030232128923
forusdt,2024-09-21T01:05:25.944+10:00,huobi,10231.23,0.0037309968684117165
duskusdt,2024-09-21T01:05:25.950+10:00,huobi,1393.3485,0.22976234589551717
polxusdt,2024-09-21T01:05:25.942+10:00,kucoin,927517.5191,6.16E-6
tngospageurusdc,2024-09-21T01:05:25.000+10:00,uniswapv3polygon,1.0E-13,1.1133262427283162
zendusdt,2024-09-21T01:05:25.956+10:00,kucoin,21.42,0.15447
sandusdt,2024-09-21T01:05:25.951+10:00,poloniex,1054.2540000000001,0.27339768739791354
bnusdt,2024-09-21T01:05:25.962+10:00,kucoin,4679.0,0.004653
aaveusdt,2024-09-21T01:05:25.975+10:00,huobi,0.9917,152.7366438338207
polcusdt,2024-09-21T01:05:25.978+10:00,huobi,3701.1364,0.0070230443193609405
nfpusdt,2024-09-21T01:05:26.003+10:00,huobi,214.8549,0.238197
pstakeusdt,2024-09-21T01:05:26.004+10:00,huobi,480.9257,0.0515
maviausdt,2024-09-21T01:05:26.017+10:00,huobi,225.16220000000004,1.5979945373157658
dogsfdusd,2024-09-21T01:05:26.000+10:00,binance,134483.0,0.0010105453224571136
dotbtc,2024-09-21T01:05:26.011+10:00,mexc,0.1199,6.884E-5
bnbusdt,2024-09-21T01:05:26.005+10:00,poloniex,0.828267,574.8016933066269
iotxusdt,2024-09-21T01:05:26.023+10:00,huobi,2274.4,0.03977428954449525
etcusdt,2024-09-21T01:05:26.006+10:00,poloniex,36.201186,19.133441722461804
dydxusdt,2024-09-21T01:05:26.025+10:00,mexc,1.29,0.982
adausdt,2024-09-21T01:05:26.015+10:00,poloniex,2563.8137999999994,0.3608049891985136
gameusdt,2024-09-21T01:05:26.047+10:00,huobi,3377.4654,0.003671
3crvdai,2024-09-21T01:05:26.125+10:00,tiingo,2.0E-5,1.0348819658441926
synusdt,2024-09-21T01:05:26.045+10:00,binance,1007.9000000000001,0.4863296457981942
bakeusdt,2024-09-21T01:05:26.063+10:00,huobi,1294.7606,0.2692974047480283
ognusdt,2024-09-21T01:05:26.056+10:00,mexc,13.42,0.094
suiusd,2024-09-21T01:05:24.875+10:00,gdax,18.099999999999998,1.4318657458563537
ooeusdt,2024-09-21T01:05:26.059+10:00,mexc,1327.83,0.008925
cyberusdt,2024-09-21T01:05:26.068+10:00,binance,856.04,3.7046029157516003
wifusdt,2024-09-21T01:05:26.070+10:00,binance,374.07,1.8389136525249286
yfiiusdt,2024-09-21T01:05:26.074+10:00,mexc,0.007,364.85
doaiusdt,2024-09-21T01:05:26.082+10:00,mexc,14430.95,0.011937
3crvusdc,2024-09-21T01:05:26.163+10:00,tiingo,2.0E-5,1.0349157635695354
xrpusdt,2024-09-21T01:05:26.078+10:00,poloniex,791.0767000000001,0.589892421796774
nestusdt,2024-09-21T01:05:26.091+10:00,mexc,3301.9,7.662500000000001E-4
solusdt,2024-09-21T01:05:26.103+10:00,mexc,6.579999999999999,148.6036474164134
grailusdt,2024-09-21T01:05:26.114+10:00,huobi,0.058108,1035.03
radusdt,2024-09-21T01:05:26.108+10:00,mexc,1.13,1.12
wanusdt,2024-09-21T01:05:26.107+10:00,binance,158.0,0.1795
dotusdt,2024-09-21T01:05:26.121+10:00,huobi,138.2209,4.375664829993149
bnxusdt,2024-09-21T01:05:26.112+10:00,binance,321.6,1.473608053482587
3crvusdt,2024-09-21T01:05:26.201+10:00,tiingo,2.0E-5,1.0347444718066652
sxpusdt,2024-09-21T01:05:26.129+10:00,mexc,7.6,0.33225000000000005
xrpusdt,2024-09-21T01:05:26.089+10:00,okex,495.982182,0.59
ethwusdt,2024-09-21T01:05:26.092+10:00,okex,52.1533,2.187446886390698
amuusdt,2024-09-21T01:05:26.152+10:00,huobi,6925.25,0.01301
wifusdt,2024-09-21T01:05:26.160+10:00,mexc,17.66,1.8386041902604755
sundogusdt,2024-09-21T01:05:26.160+10:00,mexc,45.0,0.33536
adausd,2024-09-21T01:05:26.242+10:00,gdax,0.07484537,0.36073999336231494
enatry,2024-09-21T01:05:26.185+10:00,binance,691.14,8.69
polyxusdt,2024-09-21T01:05:26.184+10:00,huobi,388.35,0.25749996111754864
egldusdt,2024-09-21T01:05:26.216+10:00,mexc,0.045,28.2
tngospwstetheth,2024-09-21T01:05:24.000+10:00,balancerarbitrum,1.0E-13,1.177168592371899
nknusdt,2024-09-21T01:05:26.219+10:00,mexc,16.84,0.07483
tonusdt,2024-09-21T01:05:26.205+10:00,huobi,149.9618,5.793539953108058
smoleusdt,2024-09-21T01:05:26.251+10:00,huobi,8872772.05,3.820000000000001E-5
paxgbtc,2024-09-21T01:05:26.286+10:00,kraken,0.025,0.040625
csixusdt,2024-09-21T01:05:26.258+10:00,huobi,12747.2598,0.017641
nftusdt,2024-09-21T01:05:26.243+10:00,poloniex,1.751526865E9,4.1726698415663185E-7
masausdt,2024-09-21T01:05:26.262+10:00,huobi,5668.7268,0.06597441276654926
tngospageurusdc,2024-09-21T01:05:25.000+10:00,uniswapv3arbitrum,1.0E-13,1.1133449746335529
uniusdt,2024-09-21T01:05:26.255+10:00,poloniex,101.95085,6.896056973718219
ethwusdt,2024-09-21T01:05:26.233+10:00,okex,37.191,2.1879468124008494
tngospcrvusdusdt,2024-09-21T01:05:25.000+10:00,curvefiarbitrum,1.0E-13,0.9955552751947396
radtry,2024-09-21T01:05:26.277+10:00,binance,5.0,38.09
fiousdt,2024-09-21T01:05:26.286+10:00,huobi,1854.0891,0.028156
msnusdt,2024-09-21T01:05:26.291+10:00,huobi,614.74,0.113
latusdt,2024-09-21T01:05:26.296+10:00,huobi,1434.14,0.008751
opaiusdt,2024-09-21T01:05:26.297+10:00,mexc,3640.0,5.83E-4
pixelfdusd,2024-09-21T01:05:26.300+10:00,binance,7026.5,0.14776296449156762
wldusdt,2024-09-21T01:05:26.284+10:00,bybit,4.76,1.6786
wldusdt,2024-09-21T01:05:26.284+10:00,bybit,4.76,1.6786
dymusdt,2024-09-21T01:05:26.318+10:00,huobi,82.8576,2.031015706344378
sandusdt,2024-09-21T01:05:26.333+10:00,huobi,489.7663,0.2750616321933543
ethfiusdt,2024-09-21T01:05:26.289+10:00,okex,146.6713,1.5669112778028147
wmtusdt,2024-09-21T01:05:26.342+10:00,huobi,249.004,0.2008
dydxusdt,2024-09-21T01:05:26.341+10:00,binance,1250.3700000000001,0.9829874677095579
aerousdc,2024-09-21T01:05:23.000+10:00,aerodrome,292.8348261165556,0.8484105367341555
lqtyusdt,2024-09-21T01:05:26.360+10:00,binance,7.9,1.012
gameusdt,2024-09-21T01:05:26.372+10:00,huobi,42104.8353,0.003659
ethwusdt,2024-09-21T01:05:26.373+10:00,mexc,0.5762,2.189
acmusdt,2024-09-21T01:05:26.376+10:00,mexc,3.91,1.483
forusdt,2024-09-21T01:05:26.308+10:00,bibox,571.8741,0.0037080477608620495
roseusdt,2024-09-21T01:05:26.381+10:00,binance,1899.6,0.06665903716571911
atomusdt,2024-09-21T01:05:26.382+10:00,binance,65.83,4.575960200516481
arkusdt,2024-09-21T01:05:26.386+10:00,binance,99.0,0.3746242424242424
bethusdt,2024-09-21T01:05:26.398+10:00,huobi,0.015135,2536.14
iziusdt,2024-09-21T01:05:26.409+10:00,mexc,276.08,0.009142
aurausdt,2024-09-21T01:05:26.412+10:00,mexc,2312.94,0.013512038211107939
mxcusdt,2024-09-21T01:05:26.415+10:00,huobi,1642.68,0.007234
tngospcrvusdusdc,2024-09-21T01:05:25.000+10:00,curvefiarbitrum,1.0E-13,0.9956311568473004
atombtc,2024-09-21T01:05:26.424+10:00,mexc,0.15,7.178E-5
ondousdt,2024-09-21T01:05:26.432+10:00,huobi,380.96900000000005,0.7076740354044555
ognusdt,2024-09-21T01:05:26.433+10:00,huobi,412.75,0.0939
ontusdt,2024-09-21T01:05:26.457+10:00,huobi,75.0,0.1856
paxgusdt,2024-09-21T01:05:26.456+10:00,binance,0.2036,2597.9999999999995
rdntusdt,2024-09-21T01:05:26.466+10:00,binance,119.0,0.0809
fxsusdt,2024-09-21T01:05:26.475+10:00,mexc,2.29,2.005
ltcbtc,2024-09-21T01:05:26.475+10:00,mexc,0.01,0.001034
polcusdt,2024-09-21T01:05:26.492+10:00,huobi,6849.0478,0.006995
uxlinkusdt,2024-09-21T01:05:26.495+10:00,huobi,638.2387,0.6681238598348863
rlyusdt,2024-09-21T01:05:26.502+10:00,huobi,4250.1900000000005,0.0059389864100193165
yggusdt,2024-09-21T01:05:26.493+10:00,binance,5360.599999999999,0.468108916912286
strktry,2024-09-21T01:05:26.491+10:00,binance,108.77,13.709999999999999
avausdt,2024-09-21T01:05:26.499+10:00,binance,100.4,0.5432
turbousdt,2024-09-21T01:05:26.460+10:00,okex,176000.0,0.0063187039772727265
tngospwstetheth,2024-09-21T01:05:23.000+10:00,uniswapv3,1.0E-13,1.1790160630351085
bobausdt,2024-09-21T01:05:26.517+10:00,huobi,235.8009,0.2157785526560755
uniusd,2024-09-21T01:05:26.591+10:00,gdax,125.649198,6.897000000000001
tngospwstethusdc,2024-09-21T01:05:23.000+10:00,uniswapv3,1.0E-13,2988.912832005574
arusdt,2024-09-21T01:05:26.494+10:00,okex,1.23207,20.763486985317392
chrusdt,2024-09-21T01:05:26.536+10:00,huobi,101.94,0.205154
tngospmimdai,2024-09-21T01:05:23.000+10:00,curvefi,1.0E-13,0.9989305358194142
tngosplusddai,2024-09-21T01:05:23.000+10:00,uniswapv3,1.0E-13,1.0028964761697308
usdteur,2024-09-21T01:05:26.580+10:00,kraken,7.01039124,0.8954
suiusdt,2024-09-21T01:05:26.550+10:00,poloniex,128.7102,1.4195438673858018
fidausd,2024-09-21T01:05:25.909+10:00,gdax,31.33,0.3657
ognusdt,2024-09-21T01:05:26.564+10:00,mexc,13.42,0.09380000000000001
tngosplusdusdc,2024-09-21T01:05:23.000+10:00,uniswapv3,1.0E-13,1.0030847624517687
pepeeur,2024-09-21T01:05:26.595+10:00,kraken,844066.24664,7.428E-6
iqusdt,2024-09-21T01:05:26.565+10:00,mexc,476.74,0.00529
pendleusdt,2024-09-21T01:05:26.570+10:00,binance,1640.6999999999998,3.588560065825562
tngospmimusdc,2024-09-21T01:05:23.000+10:00,curvefi,1.0E-13,0.9987055154013511
konousdt,2024-09-21T01:05:26.579+10:00,mexc,169.38,0.007464
icpusdt,2024-09-21T01:05:26.592+10:00,mexc,0.16,8.33
tngospoetheth,2024-09-21T01:05:23.000+10:00,uniswapv3,1.0E-13,0.9986499726004183
yggusdc,2024-09-21T01:05:26.573+10:00,binance,51.9,0.46837360308285164
mubiusdt,2024-09-21T01:05:26.599+10:00,kucoin,1257.5098,0.03
tngospageurusdc,2024-09-21T01:05:23.000+10:00,uniswapv3,1.0E-13,1.1164345163885114
imxusdt,2024-09-21T01:05:26.581+10:00,bybit,42.85,1.574893348891482
imxusdt,2024-09-21T01:05:26.581+10:00,bybit,42.85,1.574893348891482
tngospmimusdt,2024-09-21T01:05:23.000+10:00,curvefi,1.0E-13,0.9986264130268785
sysusdt,2024-09-21T01:05:26.604+10:00,binance,15488.0,0.1135
altusdt,2024-09-21T01:05:26.615+10:00,huobi,581.9984,0.1156
ontusdt,2024-09-21T01:05:26.568+10:00,okex,150.0,0.1867
imxbtc,2024-09-21T01:05:26.612+10:00,binance,153.55,2.467E-5
oxtusdt,2024-09-21T01:05:26.628+10:00,huobi,833.8078,0.0798
tngospusdeusdt,2024-09-21T01:05:23.000+10:00,uniswapv3,1.0E-13,0.998840605892464
steemusdt,2024-09-21T01:05:26.620+10:00,poloniex,6856.4541,0.18194619593267605
ethfdusd,2024-09-21T01:05:26.626+10:00,binance,14.078500000000004,2543.2966578115565
pandousdt,2024-09-21T01:05:26.638+10:00,huobi,98499.0506,1.35E-4
celousdt,2024-09-21T01:05:26.591+10:00,okex,26.005201,0.528
wenusdt,2024-09-21T01:05:26.648+10:00,huobi,360141.14,9.73E-5
yfieth,2024-09-21T01:05:26.637+10:00,mexc,1.0E-4,2.0256
tngospusdeusdc,2024-09-21T01:05:23.000+10:00,uniswapv3,1.0E-13,0.9993271906335053
tngosplusddai,2024-09-21T01:05:23.000+10:00,curvefi,1.0E-13,1.00293260602181
deeznutsusdt,2024-09-21T01:05:26.653+10:00,mexc,5031.88,2.17E-4
tusdusdt,2024-09-21T01:05:26.650+10:00,huobi,73.7018,0.9982399999999999
ustusdt,2024-09-21T01:05:26.643+10:00,binance,22068.0,0.01813
deeznutsusdt,2024-09-21T01:05:26.653+10:00,mexc,4954.95,2.19E-4
deeznutsusdt,2024-09-21T01:05:26.653+10:00,mexc,1223.93,2.21E-4
pepeusdt,2024-09-21T01:05:26.650+10:00,binance,2.48889835E8,8.295102024757259E-6
pushusdt,2024-09-21T01:05:26.653+10:00,huobi,357.2304,0.0688
memeusdt,2024-09-21T01:05:26.651+10:00,binance,1676472.0,0.01103
forusdt,2024-09-21T01:05:26.653+10:00,huobi,3423.42,0.003747
eseusdt,2024-09-21T01:05:26.662+10:00,mexc,8630.43,0.019026502271613347
bobusdt,2024-09-21T01:05:26.656+10:00,huobi,5653363.66,2.8499999999999998E-5
memeusdt,2024-09-21T01:05:26.656+10:00,kucoin,19001.163,0.011031248141484812
trxusdt,2024-09-21T01:05:26.660+10:00,binance,369.1,0.15244456786778648
soleth,2024-09-21T01:05:26.663+10:00,binance,8.867,0.0584568501184166
arkusdt,2024-09-21T01:05:26.675+10:00,binance,151.0,0.37491655629139076
sylousdt,2024-09-21T01:05:26.684+10:00,huobi,54229.935,9.22E-4
tngosplusdusdc,2024-09-21T01:05:23.000+10:00,curvefi,1.0E-13,1.002707513019606
trxusdt,2024-09-21T01:05:26.697+10:00,huobi,4566.51,0.15249646474879067
ethusdc,2024-09-21T01:05:26.694+10:00,binance,3.7024999999999997,2542.5093931127617
slpusdt,2024-09-21T01:05:26.661+10:00,okex,200.0,0.0025515
zkfusdt,2024-09-21T01:05:26.715+10:00,huobi,43859.6492,9.119999999999999E-4
agldusdt,2024-09-21T01:05:26.620+10:00,bibox,0.2871,0.9011363636363635
ethusdc,2024-09-21T01:05:26.717+10:00,huobi,0.1143,2542.386535433071
memeusdt,2024-09-21T01:05:26.672+10:00,okex,145264.4,0.01103242061234549
tngosplusdusdt,2024-09-21T01:05:23.000+10:00,curvefi,1.0E-13,1.0026280937329513
bchusdt,2024-09-21T01:05:26.724+10:00,binance,2.903,344.4
mkrusdt,2024-09-21T01:05:26.726+10:00,poloniex,0.226283,1559.0046203205718
zrousdt,2024-09-21T01:05:26.755+10:00,binance,562.3499999999999,4.382963368009247
arbusdt,2024-09-21T01:05:26.760+10:00,binance,15311.800000000001,0.5838754503062998
lskusdt,2024-09-21T01:05:26.776+10:00,huobi,14.2354,0.8793
suiusdt,2024-09-21T01:05:26.767+10:00,binance,4227.799999999999,1.4315204030465019
spausdt,2024-09-21T01:05:26.784+10:00,huobi,15119.49,0.006728430052204142
polcusdt,2024-09-21T01:05:26.801+10:00,huobi,1837.094,0.007032999999999999
zeususdt,2024-09-21T01:05:26.816+10:00,huobi,1060.374,0.3138661265364862
seidownusdt,2024-09-21T01:05:26.811+10:00,kucoin,1732.1771,0.18
catusdt,2024-09-21T01:05:26.834+10:00,huobi,9136726.59,3.983015280217552E-5
nexgusdt,2024-09-21T01:05:26.837+10:00,huobi,35122.6074,0.00447
suifdusd,2024-09-21T01:05:26.829+10:00,binance,137.9,1.4321451776649745
suitry,2024-09-21T01:05:26.831+10:00,binance,431.7,48.6873708593931
wemixusdt,2024-09-21T01:05:26.844+10:00,huobi,42.0532,0.9110980215536512
arbusdt,2024-09-21T01:05:26.801+10:00,okex,61.2435,0.583950811922898
dogeusdt,2024-09-21T01:05:26.836+10:00,gateio,69545.5,0.1068736416166395
suiusdc,2024-09-21T01:05:26.851+10:00,binance,239.29999999999998,1.430815461763477
taousdt,2024-09-21T01:05:26.859+10:00,binance,1.8466,429.59067475360126
ctcusdt,2024-09-21T01:05:26.806+10:00,okex,15.285708,0.4507
ondousdt,2024-09-21T01:05:26.815+10:00,okex,400.661,0.707988919810014
arbusdt,2024-09-21T01:05:26.872+10:00,mexc,2976.02,0.5836078856996928
suiusdt,2024-09-21T01:05:26.877+10:00,huobi,1201.1847,1.4322978305917482
ofnusdt,2024-09-21T01:05:26.851+10:00,kucoin,113.98,0.0885
safeusdt,2024-09-21T01:05:26.857+10:00,kucoin,26.05,0.7292
wldusdt,2024-09-21T01:05:26.879+10:00,huobi,675.4167,1.6769999999999998
mblusdt,2024-09-21T01:05:26.871+10:00,binance,449356.0,0.0027791622544263346
rsrusdt,2024-09-21T01:05:26.886+10:00,huobi,13489.23,0.006697857829542532
bomeusdt,2024-09-21T01:05:26.894+10:00,huobi,155243.93,0.007204271402431
barusdt,2024-09-21T01:05:26.889+10:00,binance,12.82,1.7476240249609984
grtusdt,2024-09-21T01:05:26.900+10:00,huobi,1197.7309,0.16100637679457047
ensusdt,2024-09-21T01:05:26.903+10:00,huobi,29.16,18.988675121399176
iousdt,2024-09-21T01:05:26.908+10:00,huobi,169.487,2.1733871244402225
ardrusdt,2024-09-21T01:05:26.910+10:00,huobi,2928.7857,0.07009999999999998
waxpusdt,2024-09-21T01:05:26.911+10:00,mexc,382.81,0.03378648676889318
tracusdt,2024-09-21T01:05:26.918+10:00,huobi,76.5404,0.5226
vsysusdt,2024-09-21T01:05:26.934+10:00,huobi,97466.02,4.599E-4
mirusdt,2024-09-21T01:05:26.941+10:00,mexc,88.06,0.01432
seiusdt,2024-09-21T01:05:26.955+10:00,huobi,342.5439,0.3472574888941242
suikrw,2024-09-21T01:05:26.917+10:00,upbit,157.31515469,1907.0000000000002
brwlusdt,2024-09-21T01:05:26.955+10:00,huobi,31128.575599999996,0.0014268530768044524
dodobnb,2024-09-21T01:05:23.000+10:00,pancakeswap,23.122194750629806,2.2570305528015895E-4
mblusdt,2024-09-21T01:05:26.955+10:00,huobi,13540.871,0.002773330886587724
solusdt,2024-09-21T01:05:26.955+10:00,binance,64.59600000000002,148.60108474208914
tngospageurusdc,2024-09-21T01:05:25.000+10:00,uniswapv3arbitrum,1.0E-13,1.1133449746335529
bonkusdt,2024-09-21T01:05:26.968+10:00,huobi,2.6507413630000003E7,1.8472294203454694E-5
btcusdt,2024-09-21T01:05:26.958+10:00,poloniex,0.009214,63875.841909051436
racabnb,2024-09-21T01:05:23.000+10:00,pancakeswap,2106.86330570861,2.803205235736597E-7
arkusdt,2024-09-21T01:05:26.968+10:00,binance,21.0,0.3746
ftmusdt,2024-09-21T01:05:26.979+10:00,huobi,416.8767,0.6513
racabusd,2024-09-21T01:05:23.000+10:00,pancakeswap,2106.86330570861,1.6070059222791287E-4
latusdt,2024-09-21T01:05:26.998+10:00,huobi,1446.19,0.008791
enjusdt,2024-09-21T01:05:26.855+10:00,bibox,695.7182,0.15504032351029484
blzusd,2024-09-21T01:05:26.439+10:00,gdax,3375.0,0.15570000000000003
mndeusd,2024-09-21T01:05:26.631+10:00,gdax,440.0,0.11177
bicousd,2024-09-21T01:05:26.719+10:00,gdax,68.7,0.23910000000000003
gameusdt,2024-09-21T01:05:27.023+10:00,huobi,3371.8465,0.003671
clhusdt,2024-09-21T01:05:27.007+10:00,kucoin,198224.9124,2.78E-4
shibusd,2024-09-21T01:05:27.035+10:00,gdax,727019.0,1.448E-5
sdusdt,2024-09-21T01:05:27.029+10:00,huobi,109.242,0.4577
arbusdc,2024-09-21T01:05:26.973+10:00,okex,21.8404,0.5845
degenusdt,2024-09-21T01:05:26.999+10:00,bybit,1444.07,0.00463
hntusdt,2024-09-21T01:05:27.029+10:00,mexc,0.18,7.069
degenusdt,2024-09-21T01:05:26.999+10:00,bybit,1444.07,0.00463
boringusdt,2024-09-21T01:05:27.029+10:00,huobi,40583.399999999994,0.001912667048103412
cvxusd,2024-09-21T01:05:27.066+10:00,gdax,4.5,2.1100000000000003
xetausdt,2024-09-21T01:05:27.031+10:00,huobi,4610.4196,0.002169
apeusdt,2024-09-21T01:05:27.039+10:00,huobi,165.98559999999998,0.8102529779089273
blzusdt,2024-09-21T01:05:27.033+10:00,binance,2326.0,0.1558488822012038
cvcusdt,2024-09-21T01:05:26.995+10:00,okex,30.0,0.11393333333333334
arktry,2024-09-21T01:05:27.038+10:00,binance,1511.1,12.73640063529879
ondousdt,2024-09-21T01:05:27.035+10:00,kucoin,860.0922,0.7079202356793841
suiusdt,2024-09-21T01:05:27.036+10:00,poloniex,192.6569,1.4250474611602284
linkusdt,2024-09-21T01:05:27.037+10:00,poloniex,29.46281,11.606242338697495
mlkusdt,2024-09-21T01:05:27.060+10:00,huobi,178.0152,0.2247
tngospwstetheth,2024-09-21T01:05:25.000+10:00,balancerarbitrum,1.0E-13,1.177168592371899
acsusdt,2024-09-21T01:05:27.063+10:00,huobi,94915.1817,0.0016
agldusdt,2024-09-21T01:05:26.928+10:00,bibox,0.1093,0.9007
arkusdt,2024-09-21T01:05:27.070+10:00,mexc,413.17,0.3746
usdctry,2024-09-21T01:05:27.074+10:00,binance,1861.0,34.004572810317036
racausdt,2024-09-21T01:05:27.086+10:00,huobi,379428.1899,1.706145071095046E-4
altfdusd,2024-09-21T01:05:27.066+10:00,binance,1359.0,0.11578123620309051
jasmyusdt,2024-09-21T01:05:27.088+10:00,huobi,1846.6372,0.021661
suibtc,2024-09-21T01:05:27.069+10:00,binance,293.2,2.2419467939972713E-5
alttry,2024-09-21T01:05:27.072+10:00,binance,27382.0,3.939902125483895
htxusdt,2024-09-21T01:05:27.081+10:00,kucoin,2.22332328E7,1.2650000000000002E-6
notusdt,2024-09-21T01:05:27.091+10:00,kucoin,1745.0,0.008098077650429799
ethusd,2024-09-21T01:05:27.131+10:00,kraken,2.14584585,2540.406406679678
reefusdt,2024-09-21T01:05:27.101+10:00,mexc,46379.93,0.0023838921334077045
galausdt,2024-09-21T01:05:27.055+10:00,okex,33843.113508999995,0.02037474142882059
wiftry,2024-09-21T01:05:27.098+10:00,binance,446.78,62.47072832266441
cetususdt,2024-09-21T01:05:27.103+10:00,kucoin,715.8745,0.09837455189422167
lunausdt,2024-09-21T01:05:27.107+10:00,binance,1.226137039E7,8.841E-5
deeznutsusdt,2024-09-21T01:05:27.121+10:00,mexc,5023.43,2.32E-4
doaiusdt,2024-09-21T01:05:27.110+10:00,kucoin,12208.0,0.01193480119593709
deeznutsusdt,2024-09-21T01:05:27.121+10:00,mexc,4932.74,2.31E-4
cxtusdt,2024-09-21T01:05:27.124+10:00,huobi,1488.5258,0.0984
deeznutsusdt,2024-09-21T01:05:27.121+10:00,mexc,1254.59,2.2899999999999998E-4
bananausdt,2024-09-21T01:05:27.120+10:00,binance,6.035,40.040000000000006
vthousdt,2024-09-21T01:05:27.126+10:00,mexc,5755.27,0.00198
mtsusdt,2024-09-21T01:05:27.137+10:00,mexc,5349.7,0.01162
sagausdt,2024-09-21T01:05:27.141+10:00,huobi,74.4544,2.4289346088344006
diausdt,2024-09-21T01:05:27.146+10:00,huobi,302.46270000000004,0.3662673254255814
taousdt,2024-09-21T01:05:27.135+10:00,gateio,44.895399999999995,429.37022991219595
btcusdc,2024-09-21T01:05:27.114+10:00,okex,0.04024506,63890.85821651155
taousdt,2024-09-21T01:05:27.173+10:00,mexc,1.22,428.42688524590164
ceekusdt,2024-09-21T01:05:27.181+10:00,huobi,835.9534,0.031649977917429364
ondousdt,2024-09-21T01:05:27.151+10:00,bybit,689.14,0.707452958469977
ondousdt,2024-09-21T01:05:27.151+10:00,bybit,689.14,0.707452958469977
ondousd,2024-09-21T01:05:27.257+10:00,gdax,126.15,0.7086764328180738
pbuxusdt,2024-09-21T01:05:27.189+10:00,huobi,2170.47,0.02302
iotausdt,2024-09-21T01:05:27.179+10:00,binance,1867.0,0.1361257632565613
luncusdt,2024-09-21T01:05:27.140+10:00,okex,336110.0,8.838999999999999E-5
rlyusdt,2024-09-21T01:05:27.193+10:00,huobi,2144.15,0.005971
safeusdt,2024-09-21T01:05:27.146+10:00,okex,18.594,0.7292
tngospcrvusdusdt,2024-09-21T01:05:25.000+10:00,curvefiarbitrum,1.0E-13,0.9955552751947396
clvusdt,2024-09-21T01:05:27.203+10:00,huobi,2033.6015,0.043648014480713156
rvnusdt,2024-09-21T01:05:27.208+10:00,huobi,7962.1,0.018252417790532643
ondousd,2024-09-21T01:05:27.242+10:00,kraken,2755.0,0.71
maskusdt,2024-09-21T01:05:27.174+10:00,okex,471.46886,2.3529999999999998
arkusdt,2024-09-21T01:05:27.216+10:00,binance,423.0,0.37434822695035463
cyberusdt,2024-09-21T01:05:27.240+10:00,huobi,39.0891,3.710651066409817
nearusdt,2024-09-21T01:05:27.238+10:00,huobi,126.97999999999999,4.461120160655221
snxusdt,2024-09-21T01:05:27.242+10:00,huobi,60.46,1.5434939794905724
dogeusdt,2024-09-21T01:05:27.248+10:00,huobi,22343.75,0.10687544756274125
linausdt,2024-09-21T01:05:27.255+10:00,huobi,24989.1213,0.004263996706939031
aceusdt,2024-09-21T01:05:27.263+10:00,huobi,14.1716,2.4357
pyusdusdt,2024-09-21T01:05:27.271+10:00,huobi,76.9323,0.9967999999999999
zecusdt,2024-09-21T01:05:27.261+10:00,poloniex,19.18198,32.147930785038874
brwlusdt,2024-09-21T01:05:27.284+10:00,huobi,8925.3174,0.001441
prclusdt,2024-09-21T01:05:27.237+10:00,okex,2736.0680000000007,0.23777590553304961
degenusdt,2024-09-21T01:05:27.287+10:00,huobi,33627.9109,0.004630941381303587
promusdt,2024-09-21T01:05:27.279+10:00,binance,1.36,5.542
sklusdt,2024-09-21T01:05:27.306+10:00,huobi,12929.1335,0.036201415845632655
forusdt,2024-09-21T01:05:27.226+10:00,bibox,743.9751,0.0037174648350462272
fidausdt,2024-09-21T01:05:27.304+10:00,binance,2403.1,0.36608283883317383
wifusdt,2024-09-21T01:05:27.267+10:00,okex,448.605,1.838006687397599
dashusdt,2024-09-21T01:05:27.301+10:00,binance,9.649,25.370841537983214
kicksusdt,2024-09-21T01:05:27.306+10:00,huobi,112930.5478,1.771E-4
prclusdt,2024-09-21T01:05:27.308+10:00,huobi,2426.9892,0.23729277408403796
dashusdt,2024-09-21T01:05:27.301+10:00,binance,9.649,25.370841537983214
tngospcrvusdusdc,2024-09-21T01:05:25.000+10:00,curvefiarbitrum,1.0E-13,0.9956311568473004
reiusdt,2024-09-21T01:05:27.320+10:00,huobi,1650.5442999999998,0.05370742901659775
blzusdt,2024-09-21T01:05:27.333+10:00,binance,15927.0,0.15598648835311107
nearusdt,2024-09-21T01:05:27.335+10:00,binance,3237.7999999999997,4.460993884736549
blzbtc,2024-09-21T01:05:27.335+10:00,binance,5022.0,2.44E-6
iguusdt,2024-09-21T01:05:27.341+10:00,huobi,14515.078099999999,0.0048225713777868
galausdt,2024-09-21T01:05:27.337+10:00,binance,3386.0,0.02036254873006497
wiffdusd,2024-09-21T01:05:27.356+10:00,binance,14.14,1.8379999999999999
pandousdt,2024-09-21T01:05:27.340+10:00,huobi,97575.503,1.37E-4
fdusdtry,2024-09-21T01:05:27.359+10:00,binance,26.0,33.99
ethusd,2024-09-21T01:05:27.000+10:00,bitstamp,0.0185,2542.4
oasusdt,2024-09-21T01:05:27.344+10:00,huobi,1878.3400000000001,0.04036264808288169
agldusdt,2024-09-21T01:05:27.234+10:00,bibox,0.0559,0.9024
wlknusdt,2024-09-21T01:05:27.360+10:00,huobi,21617.7766,9.759999999999999E-4
ogusdt,2024-09-21T01:05:27.367+10:00,huobi,26.1871,3.0863999999999994
arpausdt,2024-09-21T01:05:27.381+10:00,huobi,551.81,0.044371
forusdt,2024-09-21T01:05:27.394+10:00,huobi,3403.25,0.003737
mxcusdt,2024-09-21T01:05:27.410+10:00,huobi,1623.89,0.007193
oasusdt,2024-09-21T01:05:27.403+10:00,kucoin,8.0698,0.04018
mapousdt,2024-09-21T01:05:27.402+10:00,kucoin,1416.0,0.010314252824858757
wxtusdt,2024-09-21T01:05:27.412+10:00,huobi,15833.36,0.005484462642799759
waxlusdt,2024-09-21T01:05:27.422+10:00,huobi,189.8329,0.56449
suiusdt,2024-09-21T01:05:27.406+10:00,poloniex,197.9463,1.422856011554649
satsusdt,2024-09-21T01:05:27.422+10:00,huobi,1.7002923908E8,3.108E-7
renderusdt,2024-09-21T01:05:27.432+10:00,huobi,36.8381,5.352064250870702
tnsrusdt,2024-09-21T01:05:27.427+10:00,binance,220.8,0.3893
peopleusdt,2024-09-21T01:05:27.392+10:00,okex,54421.51766999999,0.06542894291316499
jtousdt,2024-09-21T01:05:27.460+10:00,huobi,87.1172,2.32410345878885
btcjpy,2024-09-21T01:05:27.456+10:00,binance,0.002196,9108950.0
strikeusdt,2024-09-21T01:05:27.464+10:00,mexc,1.93,6.614
spausdt,2024-09-21T01:05:27.466+10:00,huobi,1908.64,0.006752
strkusdt,2024-09-21T01:05:27.471+10:00,huobi,608.7076000000001,0.4038456466618784
cotiusdt,2024-09-21T01:05:27.461+10:00,binance,36658.0,0.12310986605925037
mndeusd,2024-09-21T01:05:27.548+10:00,gdax,452.79999999999995,0.1116681625441696
mndeusd,2024-09-21T01:05:27.548+10:00,gdax,600.0,0.11135666666666666
mndeusd,2024-09-21T01:05:27.548+10:00,gdax,500.0,0.111232
zbcnusdt,2024-09-21T01:05:27.486+10:00,huobi,309034.5438,0.0015087938045795254
mndeusd,2024-09-21T01:05:27.548+10:00,gdax,2982.1,0.11111027530934577
icpusdt,2024-09-21T01:05:27.474+10:00,binance,1499.71,8.328512592434537
tonusdt,2024-09-21T01:05:27.470+10:00,kucoin,23.7407,5.790481260872679
tarausdt,2024-09-21T01:05:27.468+10:00,kucoin,1890.588,0.004986
mndeusd,2024-09-21T01:05:27.548+10:00,gdax,7634.7,0.11093765845416323
cotiusd,2024-09-21T01:05:27.565+10:00,gdax,2891.1,0.1230071806578811
fetusdt,2024-09-21T01:05:27.443+10:00,okex,152.18599999999998,1.5915168064079486
enausdt,2024-09-21T01:05:27.472+10:00,bybit,655.55,0.25564674548089394
enausdt,2024-09-21T01:05:27.472+10:00,bybit,655.55,0.25564674548089394
mkrusdt,2024-09-21T01:05:27.513+10:00,huobi,0.08354,1570.7133704812063
bnbeur,2024-09-21T01:05:27.509+10:00,binance,0.085,514.8
maxusdt,2024-09-21T01:05:27.537+10:00,mexc,3.77,0.33465
blzusd,2024-09-21T01:05:27.573+10:00,kraken,192.20571655,0.15532
msnusdt,2024-09-21T01:05:27.544+10:00,mexc,11.15,0.1134
myriausdt,2024-09-21T01:05:27.500+10:00,okex,8598.73,0.002471
lmwrusdt,2024-09-21T01:05:27.559+10:00,huobi,497.8323,0.1881
xaiusdt,2024-09-21T01:05:27.549+10:00,binance,615.9000000000001,0.21331003409644422
zrousdt,2024-09-21T01:05:27.566+10:00,huobi,42.715900000000005,4.382913483503801
btcusdc,2024-09-21T01:05:27.559+10:00,binance,0.07408999999999999,63903.17114455393
ldousdt,2024-09-21T01:05:27.537+10:00,binance,586.13,1.0893807346493098
avaxusdt,2024-09-21T01:05:27.554+10:00,binance,0.71,28.06
bonktry,2024-09-21T01:05:27.578+10:00,binance,1592356.0,6.28E-4
peopleusdt,2024-09-21T01:05:27.586+10:00,binance,212354.59999999998,0.06541195220635673
mubiusdt,2024-09-21T01:05:27.596+10:00,huobi,2033.0597,0.0298
furyusdt,2024-09-21T01:05:27.613+10:00,huobi,317.0803,0.1285
mocausdt,2024-09-21T01:05:27.615+10:00,huobi,5035.4244,0.10829760325783065
polcusdt,2024-09-21T01:05:27.630+10:00,huobi,1838.5286,0.007007
tngospageurusdc,2024-09-21T01:05:27.000+10:00,uniswapv3polygon,1.0E-13,1.1133262427283162
ldousdt,2024-09-21T01:05:27.608+10:00,bybit,2212.66,1.0890616619815063
ldousdt,2024-09-21T01:05:27.608+10:00,bybit,2212.66,1.0890616619815063
usdjusdt,2024-09-21T01:05:27.642+10:00,huobi,8.8874,1.1252
lqtyusdt,2024-09-21T01:05:27.646+10:00,huobi,217.9306,1.0102669442015029
ondousd,2024-09-21T01:05:27.689+10:00,kraken,2041.30068,0.7099236022083724
tngospageurusdc,2024-09-21T01:05:26.000+10:00,uniswapv3arbitrum,1.0E-13,1.1133449746335529
blastusdt,2024-09-21T01:05:27.671+10:00,huobi,19638.2685,0.010334890708949215
arkmusdt,2024-09-21T01:05:27.673+10:00,huobi,65.1951,1.2066
xnousdt,2024-09-21T01:05:27.670+10:00,binance,30.39,0.944
gusdt,2024-09-21T01:05:27.684+10:00,huobi,7150.204,0.0395800589325843
roninusdt,2024-09-21T01:05:27.686+10:00,huobi,78.9188,1.6381999999999999
sillyusdt,2024-09-21T01:05:27.686+10:00,huobi,6917.3089,0.011694951602493852
wavesusdt,2024-09-21T01:05:27.658+10:00,bybit,17.59,1.086
mindusdt,2024-09-21T01:05:27.691+10:00,kucoin,3750.1371,0.001765
pepeusdt,2024-09-21T01:05:27.649+10:00,okex,5.24490118E8,8.292788138704266E-6
zeususdt,2024-09-21T01:05:27.686+10:00,poloniex,199976.2,1.8973541801474375E-5
solusd,2024-09-21T01:05:27.735+10:00,kraken,5.206217489999999,148.590835113671
wavesusdt,2024-09-21T01:05:27.658+10:00,bybit,17.59,1.086
cusdusdt,2024-09-21T01:05:27.718+10:00,huobi,130.6517,0.9982849716459871
rpkusdt,2024-09-21T01:05:27.720+10:00,huobi,12979.048,0.0071779999999999995
bondusdc,2024-09-21T01:05:11.000+10:00,uniswapv2,527.46,2.440585088916695
jasmyusdt,2024-09-21T01:05:27.704+10:00,binance,335404.5999999999,0.021661671801758237
wusdt,2024-09-21T01:05:27.701+10:00,binance,22709.600000000002,0.2396253069186599
alttry,2024-09-21T01:05:27.701+10:00,binance,14520.0,3.9299579889807172
portalusdt,2024-09-21T01:05:27.735+10:00,huobi,252.0434,0.3038334192841392
flowusdt,2024-09-21T01:05:27.742+10:00,huobi,1785.5855000000001,0.59400381600321
elfusdt,2024-09-21T01:05:27.746+10:00,huobi,258.4927,0.3789684560144252
atmusdt,2024-09-21T01:05:27.739+10:00,binance,4.66,1.829
orderusdt,2024-09-21T01:05:27.761+10:00,huobi,753.9602,0.20259999999999997
kp3rusdt,2024-09-21T01:05:27.764+10:00,binance,0.62,50.971935483870965
rootusdt,2024-09-21T01:05:27.777+10:00,huobi,3524.5615,0.023275445442787705
wifusdt,2024-09-21T01:05:27.778+10:00,huobi,307.4632,1.8371325375524616
storeeth,2024-09-21T01:05:27.760+10:00,kucoin,11.3142,1.5243E-6
bchbtc,2024-09-21T01:05:27.825+10:00,kraken,0.018,0.0054
ensusdt,2024-09-21T01:05:27.787+10:00,binance,99.64,19.02
snsusdt,2024-09-21T01:05:27.787+10:00,kucoin,3607.8044,0.021141235431444118
pbuxusdt,2024-09-21T01:05:27.797+10:00,kucoin,462.5,0.02295
clvusdt,2024-09-21T01:05:27.798+10:00,binance,193.8,0.04406
bttcusdt,2024-09-21T01:05:27.809+10:00,huobi,1.3291625307970001E8,9.052E-7
arkusdt,2024-09-21T01:05:27.805+10:00,binance,918.0,0.37360816993464047
osmousdt,2024-09-21T01:05:27.822+10:00,mexc,2.35,0.5369
zilusdt,2024-09-21T01:05:27.821+10:00,huobi,5819.4697,0.014666510624842673
klvusdt,2024-09-21T01:05:27.812+10:00,kucoin,25500.3488,0.001836
clvusdt,2024-09-21T01:05:27.833+10:00,huobi,1135.0568,0.0436
fettry,2024-09-21T01:05:27.840+10:00,binance,2153.3999999999996,54.18653153153154
fetbtc,2024-09-21T01:05:27.848+10:00,binance,788.5,2.491619530754597E-5
swapusdt,2024-09-21T01:05:27.854+10:00,huobi,807.1629,0.11231428191261018
ctxcusdt,2024-09-21T01:05:27.827+10:00,huobi,292.488,0.1689
rezusdt,2024-09-21T01:05:27.858+10:00,huobi,1425.1782,0.0421
solusd,2024-09-21T01:05:27.929+10:00,gdax,12.47926958,148.61504688121335
grtusd,2024-09-21T01:05:27.944+10:00,gdax,142872.23,0.16109317597268544
arusdt,2024-09-21T01:05:27.868+10:00,mexc,0.25,20.669
rlyusdt,2024-09-21T01:05:27.897+10:00,huobi,2114.45,0.005995
tngospwstetheth,2024-09-21T01:05:26.000+10:00,balancerarbitrum,1.0E-13,1.177168592371899
celrusdt,2024-09-21T01:05:27.899+10:00,binance,5868.5,0.012780000000000001
zkusdt,2024-09-21T01:05:27.923+10:00,huobi,8568.5108,0.12803450677800393
blzusdt,2024-09-21T01:05:27.938+10:00,huobi,690.6399999999999,0.15612495077030003
forusdt,2024-09-21T01:05:27.842+10:00,bibox,494.6472,0.0037290099106999895
bdxbtc,2024-09-21T01:05:27.943+10:00,mexc,14656.0,8.501000000000001E-7
btcusd,2024-09-21T01:05:28.016+10:00,gdax,0.16806467999999997,63889.9893163049
ltcusdt,2024-09-21T01:05:27.937+10:00,binance,0.496,66.2
trxbtc,2024-09-21T01:05:27.941+10:00,binance,91.0,2.38E-6
nulsusdt,2024-09-21T01:05:27.957+10:00,mexc,3.27,0.3858
masausdt,2024-09-21T01:05:27.972+10:00,huobi,3431.0687000000003,0.0659284362181381
h2ousdt,2024-09-21T01:05:27.986+10:00,huobi,121.1,0.16610605367464906
mlnusdt,2024-09-21T01:05:27.984+10:00,huobi,0.7423,16.0268
jstusdt,2024-09-21T01:05:27.976+10:00,poloniex,33409.155000000006,0.028489654325708033
mndeusdt,2024-09-21T01:05:27.987+10:00,kucoin,181.6053,0.11179999999999998
btcusdt,2024-09-21T01:05:27.911+10:00,bibox,0.005943,63878.4
ankreth,2024-09-21T01:05:27.998+10:00,mexc,15.3528,1.1214E-5
brwlusdt,2024-09-21T01:05:28.011+10:00,huobi,8861.8115,0.001434
wavesusdt,2024-09-21T01:05:28.019+10:00,huobi,69.50999999999999,1.0877764638181557
waxpusdt,2024-09-21T01:05:28.028+10:00,huobi,2245.3399999999997,0.033796166469220706
