ticker,date,exchange_platform,trade_volume,trade_price
ethusdt,2024-09-21T01:05:37.064+10:00,okex,0.12015300000000001,2541.7414756185854
fetusdt,2024-09-21T01:05:37.093+10:00,okex,259.604,1.5912824810095376
ldousdt,2024-09-21T01:05:37.140+10:00,okex,445.88419999999996,1.0880047097430232
linkbtc,2024-09-21T01:05:37.196+10:00,binance,6965.989999999999,1.820129143165581E-4
barusdt,2024-09-21T01:05:37.199+10:00,binance,18.65,1.7484434316353887
pythusdt,2024-09-21T01:05:37.211+10:00,huobi,959.2797,0.32511009325267703
fdusdusdt,2024-09-21T01:05:37.204+10:00,binance,38993.0,0.9996000820660119
adausd,2024-09-21T01:05:37.286+10:00,gdax,482.31797494,0.3606999999999999
looksusdt,2024-09-21T01:05:37.207+10:00,mexc,55.32,0.045575
linkeur,2024-09-21T01:05:37.198+10:00,binance,3.89,10.41
ftmusd,2024-09-21T01:05:37.264+10:00,kraken,1467.95302232,0.6515290872103466
navxusdt,2024-09-21T01:05:37.230+10:00,huobi,798.7468,0.091926
kncusdt,2024-09-21T01:05:37.229+10:00,huobi,459.28999999999996,0.5007311110627273
ardrusdt,2024-09-21T01:05:37.235+10:00,huobi,2944.5154,0.07019999999999998
btckrw,2024-09-21T01:05:37.196+10:00,upbit,1.1738E-4,8.5189E7
swftcusdt,2024-09-21T01:05:37.236+10:00,huobi,8795.578,0.0035045
bicousd,2024-09-21T01:05:37.324+10:00,gdax,72.1,0.23890000000000006
foxyusdt,2024-09-21T01:05:37.212+10:00,okex,100.0,0.0088144
ogusdt,2024-09-21T01:05:37.258+10:00,binance,10.9,3.0940000000000003
ceekusdt,2024-09-21T01:05:37.280+10:00,huobi,412.8071,0.0318
tngospwstetheth,2024-09-21T01:05:36.000+10:00,balancerarbitrum,1.0E-13,1.177168592371899
herousdt,2024-09-21T01:05:37.301+10:00,mexc,1131.01,0.0011176
tngospcrvusdusdt,2024-09-21T01:05:36.000+10:00,curvefiarbitrum,1.0E-13,0.9955552751947396
suiusdt,2024-09-21T01:05:37.302+10:00,binance,5916.699999999999,1.4264881826017886
zilusdt,2024-09-21T01:05:37.259+10:00,okex,5331.1786,0.01466
jupusdt,2024-09-21T01:05:37.260+10:00,okex,326.204,0.8558272835403612
linkusdt,2024-09-21T01:05:37.260+10:00,okex,15.543777,11.622
pbuxusdt,2024-09-21T01:05:37.321+10:00,huobi,7168.94,0.022980000000000004
manausdt,2024-09-21T01:05:37.322+10:00,huobi,780.17,0.3004
xrpusdt,2024-09-21T01:05:37.264+10:00,okex,1297.753763,0.5899632014242905
gmtusdt,2024-09-21T01:05:37.271+10:00,okex,1343.8211999999999,0.1363732311337252
funusdt,2024-09-21T01:05:37.318+10:00,binance,9773.0,0.003492
luna2usdt,2024-09-21T01:05:37.344+10:00,huobi,611.4249,0.40320000000000006
aipadusdt,2024-09-21T01:05:37.347+10:00,mexc,250.09,0.05438
rariusdt,2024-09-21T01:05:37.350+10:00,mexc,0.71,1.7759999999999998
dodousdt,2024-09-21T01:05:37.361+10:00,huobi,582.5486,0.12888323645443486
nulsusdt,2024-09-21T01:05:37.388+10:00,binance,1040.0,0.38567019230769223
dogeusdt,2024-09-21T01:05:37.362+10:00,binance,48.0,0.10686
bnbusdt,2024-09-21T01:05:37.367+10:00,poloniex,0.728608,574.7564984463525
ldousdt,2024-09-21T01:05:37.397+10:00,huobi,702.2706999999999,1.089074063491471
spausdt,2024-09-21T01:05:37.389+10:00,huobi,1886.43,0.006739
atmusdt,2024-09-21T01:05:37.376+10:00,binance,24.5,1.828764081632653
bswusdt,2024-09-21T01:05:37.383+10:00,mexc,49.79,0.07219
sunusdt,2024-09-21T01:05:37.370+10:00,mexc,157.96,0.025752
hapiusdt,2024-09-21T01:05:37.413+10:00,mexc,1.68,8.524
merlusdt,2024-09-21T01:05:37.399+10:00,huobi,407.6096,0.3244000000000001
dotusdt,2024-09-21T01:05:37.369+10:00,poloniex,195.21474,4.375669312112394
coqusdt,2024-09-21T01:05:37.356+10:00,bybit,1.29115558E7,1.5740000000000003E-6
xmrusdt,2024-09-21T01:05:37.373+10:00,poloniex,3.87105,176.79801211557586
wemixusdt,2024-09-21T01:05:37.409+10:00,huobi,84.0981,0.9104327645927791
fitfiusdt,2024-09-21T01:05:37.410+10:00,huobi,16252.4741,0.003047
coqusdt,2024-09-21T01:05:37.356+10:00,bybit,1.29115558E7,1.5740000000000003E-6
adausdt,2024-09-21T01:05:37.423+10:00,binance,17.3,0.3607
suiusdt,2024-09-21T01:05:37.436+10:00,huobi,401.6368,1.4281162080267544
pstakeusdt,2024-09-21T01:05:37.439+10:00,huobi,388.3496,0.0515
tngospcrvusdusdc,2024-09-21T01:05:36.000+10:00,curvefiarbitrum,1.0E-13,0.9956311568473004
xnousdt,2024-09-21T01:05:37.435+10:00,binance,36.39,0.944
dmailusdt,2024-09-21T01:05:37.448+10:00,mexc,5.03,0.251
soulusdt,2024-09-21T01:05:37.444+10:00,kucoin,778.4527999999999,0.056530000000000004
zrxusdt,2024-09-21T01:05:37.465+10:00,huobi,199.57,0.3244
xrpusdt,2024-09-21T01:05:37.457+10:00,binance,7887.0,0.5899806517053378
feiusd,2024-09-21T01:05:37.544+10:00,tiingo,1.0E-7,0.9992988177547277
iotxusdt,2024-09-21T01:05:37.470+10:00,huobi,324.08,0.039795
imxusd,2024-09-21T01:05:37.543+10:00,gdax,127.63,1.5745064013163053
cotiusdt,2024-09-21T01:05:37.486+10:00,huobi,329.8,0.1213
forusdt,2024-09-21T01:05:37.493+10:00,huobi,3395.57,0.003737
catusdt,2024-09-21T01:05:37.497+10:00,huobi,1.140219793E7,3.983949124513224E-5
sandusdt,2024-09-21T01:05:37.484+10:00,poloniex,1556.9331,0.27339999999999987
usdcusdt,2024-09-21T01:05:18.000+10:00,saberswap,349.405636,0.9996869684151288
shrapusdt,2024-09-21T01:05:37.505+10:00,huobi,5059.6842,0.028769
tngospageurusdc,2024-09-21T01:05:36.000+10:00,uniswapv3arbitrum,1.0E-13,1.1133449746335529
xrusdt,2024-09-21T01:05:37.515+10:00,mexc,4.41,0.286
sushiusdt,2024-09-21T01:05:37.526+10:00,mexc,1.84,0.686
atombtc,2024-09-21T01:05:37.508+10:00,binance,1.42,7.17E-5
babydogeusdt,2024-09-21T01:05:37.531+10:00,huobi,3.025064822822E10,2.314E-9
sunusdt,2024-09-21T01:05:37.535+10:00,huobi,1587.64,0.025778
dotusdt,2024-09-21T01:05:37.550+10:00,huobi,83.4499,4.375543365540282
h2ousdt,2024-09-21T01:05:37.558+10:00,huobi,121.8,0.166107
csixusdt,2024-09-21T01:05:37.566+10:00,kucoin,10.1705,0.01752
linausdt,2024-09-21T01:05:37.572+10:00,mexc,295.47,0.004265
icxusdt,2024-09-21T01:05:37.581+10:00,binance,697.5,0.1422
imxusdt,2024-09-21T01:05:37.541+10:00,okex,153.369911,1.5763228206430921
fetusd,2024-09-21T01:05:37.664+10:00,gdax,740.7,1.5917846631564736
zerousdt,2024-09-21T01:05:37.595+10:00,huobi,1234.3686,0.1296
csixeth,2024-09-21T01:05:37.576+10:00,kucoin,524.1812,6.874999999999999E-6
bnbusdt,2024-09-21T01:05:37.601+10:00,huobi,0.5394,574.775066740823
upousdt,2024-09-21T01:05:37.604+10:00,mexc,868.3699999999999,0.034010000000000006
fetbnb,2024-09-21T01:05:37.600+10:00,binance,100.0,0.002768
dogsusdt,2024-09-21T01:05:37.600+10:00,binance,9524833.0,0.0010105711020760154
imxusdt,2024-09-21T01:05:37.612+10:00,huobi,49.989599999999996,1.5734000000000001
taousdt,2024-09-21T01:05:37.617+10:00,binance,2.1256,429.0018818216033
taousdt,2024-09-21T01:05:37.617+10:00,binance,15.4913,429.3958550928586
taobtc,2024-09-21T01:05:37.619+10:00,binance,1.4978,0.006724
taousdt,2024-09-21T01:05:37.619+10:00,binance,41.8749,429.96448110920863
tngospageurusdc,2024-09-21T01:05:37.000+10:00,uniswapv3polygon,1.0E-13,1.1133262427283162
taousdt,2024-09-21T01:05:37.625+10:00,kucoin,2.2479,429.42381200231324
taofdusd,2024-09-21T01:05:37.621+10:00,binance,2.2094,430.1
taousdt,2024-09-21T01:05:37.620+10:00,gateio,49.866699999999994,429.0630306396855
taotry,2024-09-21T01:05:37.624+10:00,binance,1.4036,14624.999999999998
taobtc,2024-09-21T01:05:37.625+10:00,binance,4.378900000000001,0.006727146132590375
zerousdt,2024-09-21T01:05:37.588+10:00,okex,2328.0,2.876E-4
sfundusdt,2024-09-21T01:05:37.636+10:00,kucoin,61.1543,1.17
tomiusdt,2024-09-21T01:05:37.655+10:00,mexc,1395.38,0.0517
taousdt,2024-09-21T01:05:37.640+10:00,gateio,3.5957999999999997,429.4096529284165
arbusd,2024-09-21T01:05:37.731+10:00,gdax,433.2099999999999,0.5837434108169249
memeusdt,2024-09-21T01:05:37.651+10:00,kucoin,51062.2569,0.011029982131445897
arbusdc,2024-09-21T01:05:37.655+10:00,binance,954.0,0.5838
cvxusd,2024-09-21T01:05:37.742+10:00,gdax,26.748,2.111
vetusdt,2024-09-21T01:05:37.664+10:00,binance,12324.4,0.023250000000000003
arbusd,2024-09-21T01:05:37.743+10:00,gdax,4160.68,0.5841112529682647
taousdt,2024-09-21T01:05:37.662+10:00,kucoin,5.3091,429.84098773803464
arbfdusd,2024-09-21T01:05:37.666+10:00,binance,1712.0,0.5842
taousd,2024-09-21T01:05:37.713+10:00,kraken,1.52607,429.63034785625825
arkusdt,2024-09-21T01:05:37.675+10:00,binance,10557.0,0.372909434498437
prclusdt,2024-09-21T01:05:37.687+10:00,huobi,449.4182,0.2375
avaxusd,2024-09-21T01:05:37.761+10:00,gdax,122.06952571000001,28.069945725479297
aaveusdt,2024-09-21T01:05:37.672+10:00,poloniex,5.817727999999999,150.92340387175204
straxusdt,2024-09-21T01:05:37.688+10:00,binance,161.0,0.049699999999999994
sandusdt,2024-09-21T01:05:37.714+10:00,huobi,612.274,0.2749882013410662
aevousdt,2024-09-21T01:05:37.720+10:00,huobi,1635.3565999999998,0.3933954367261551
metisusdt,2024-09-21T01:05:37.714+10:00,binance,1.37,36.25
arbusdt,2024-09-21T01:05:37.675+10:00,okex,1103.6995,0.5839
cvcusd,2024-09-21T01:05:37.802+10:00,gdax,5246.700000000001,0.11329293270055463
dydxusdt,2024-09-21T01:05:37.734+10:00,huobi,344.8356,0.9816515440981152
metisusdt,2024-09-21T01:05:37.732+10:00,kucoin,3.75,36.26
wifusdt,2024-09-21T01:05:37.732+10:00,binance,3500.3399999999997,1.8388152808012939
linausdt,2024-09-21T01:05:37.738+10:00,huobi,6238.3967,0.004268011109825702
enjusdt,2024-09-21T01:05:37.598+10:00,bibox,2070.0111,0.15512826150062672
cbetheth,2024-09-21T01:05:37.824+10:00,gdax,0.7284999999999999,1.079635000274537
opusdt,2024-09-21T01:05:37.709+10:00,okex,1308.9331999999997,1.6820942415243196
roninusd,2024-09-21T01:05:37.825+10:00,gdax,11.81,1.6400000000000001
crvusdt,2024-09-21T01:05:37.765+10:00,huobi,1387.1457,0.2871000000000001
eosusdt,2024-09-21T01:05:37.751+10:00,poloniex,2307.410999999999,0.5169365537392346
bttcusdt,2024-09-21T01:05:37.769+10:00,huobi,1.484449312643E8,9.052000000000001E-7
gameusdt,2024-09-21T01:05:37.771+10:00,huobi,55287.2999,0.0036710872719107053
doaiusdt,2024-09-21T01:05:37.776+10:00,mexc,20304.91,0.011937
msnusdt,2024-09-21T01:05:37.784+10:00,huobi,1844.22,0.11293333333333333
btceur,2024-09-21T01:05:37.813+10:00,bitfinex,1.0E-4,57279.0
dogsusdt,2024-09-21T01:05:37.737+10:00,okex,207818.0,0.0010104380953526644
boringusdt,2024-09-21T01:05:37.795+10:00,huobi,33816.66,0.0019126005255989205
linausdt,2024-09-21T01:05:37.794+10:00,binance,52218.0,0.004265
astusdt,2024-09-21T01:05:37.799+10:00,mexc,946.2,0.005477
zecusdt,2024-09-21T01:05:37.805+10:00,huobi,2.3729,32.26
astusdt,2024-09-21T01:05:37.799+10:00,mexc,2971.02,0.005489
astusdt,2024-09-21T01:05:37.799+10:00,mexc,4560.47,0.005501
astusdt,2024-09-21T01:05:37.799+10:00,mexc,4550.54,0.005513
astusdt,2024-09-21T01:05:37.799+10:00,mexc,4540.66,0.005525
forusdt,2024-09-21T01:05:37.665+10:00,bibox,144.0299,0.003751
metisusdt,2024-09-21T01:05:37.765+10:00,okex,6.5718,36.29
iousdt,2024-09-21T01:05:37.815+10:00,huobi,259.71070000000003,2.172953957730659
rsrusdt,2024-09-21T01:05:37.814+10:00,huobi,13509.25,0.00669513953106205
jtousd,2024-09-21T01:05:37.886+10:00,gdax,110.80000000000001,2.324418050541516
agldusdt,2024-09-21T01:05:37.679+10:00,bibox,0.32270000000000004,0.9017374961264331
rlyusdt,2024-09-21T01:05:37.822+10:00,huobi,4252.24,0.005939047034033827
zcxusdt,2024-09-21T01:05:37.830+10:00,huobi,672.948,0.0743
jtousdt,2024-09-21T01:05:37.822+10:00,kucoin,4.89,2.325
enjusdt,2024-09-21T01:05:37.834+10:00,huobi,193.5486,0.155
mewusdt,2024-09-21T01:05:37.788+10:00,okex,176273.0,0.00555136901283804
quick2usdt,2024-09-21T01:05:37.832+10:00,binance,2306.0,0.048695342584562006
mapousdt,2024-09-21T01:05:37.841+10:00,mexc,990.91,0.010299
aptusdt,2024-09-21T01:05:37.798+10:00,okex,51.7546,6.832
linkusdt,2024-09-21T01:05:37.848+10:00,huobi,36.5,11.61808389041096
notusdt,2024-09-21T01:05:37.800+10:00,okex,36729.5,0.008097000000000002
trbusdt,2024-09-21T01:05:37.800+10:00,okex,15.1617,68.54
filusdt,2024-09-21T01:05:37.799+10:00,okex,195.603148,3.810094084109526
celousdt,2024-09-21T01:05:37.857+10:00,mexc,578.91,0.5275
aurausdt,2024-09-21T01:05:37.856+10:00,mexc,391.33,0.013509
pendleusdt,2024-09-21T01:05:37.772+10:00,binance,1055.0,3.5881431279620855
magicusdt,2024-09-21T01:05:37.812+10:00,okex,2.0,0.37935
aiusdt,2024-09-21T01:05:37.822+10:00,binance,237.6,0.454
magicusdt,2024-09-21T01:05:37.783+10:00,binance,1351.4,0.3789772976172858
dogefdusd,2024-09-21T01:05:37.856+10:00,binance,1500.0,0.10692999999999998
arbusdt,2024-09-21T01:05:37.822+10:00,binance,35995.100000000006,0.5839580829057287
jtofdusd,2024-09-21T01:05:37.858+10:00,binance,5.8,2.327
lrdsusdt,2024-09-21T01:05:37.879+10:00,huobi,200.0,0.6129
zeususdt,2024-09-21T01:05:37.874+10:00,poloniex,512105.69999999995,1.8930199253786868E-5
waxpusdt,2024-09-21T01:05:37.889+10:00,huobi,2247.06,0.03377199349817094
chmbusdt,2024-09-21T01:05:37.875+10:00,kucoin,69939.2754,1.8565E-4
ssvusdt,2024-09-21T01:05:37.885+10:00,binance,20.015,23.470393704721456
swapusdt,2024-09-21T01:05:37.895+10:00,huobi,691.8159999999999,0.11230000000000001
astusdt,2024-09-21T01:05:37.799+10:00,mexc,4530.0,0.005538
axsusdt,2024-09-21T01:05:37.901+10:00,huobi,25.1635,5.030495551890636
mkrusdt,2024-09-21T01:05:37.893+10:00,poloniex,0.386258,1559.0841008341577
solusdt,2024-09-21T01:05:19.000+10:00,orca,0.037485345,148.57374261861534
solusdc,2024-09-21T01:05:19.000+10:00,raydium,0.084234149,148.58006103913985
iousdt,2024-09-21T01:05:37.907+10:00,binance,4.6,2.173
grapeusdt,2024-09-21T01:05:37.908+10:00,kucoin,10327.0,8.642992156483006E-4
arbtry,2024-09-21T01:05:37.905+10:00,binance,50.4,19.86
altusdt,2024-09-21T01:05:37.913+10:00,binance,1555.0,0.11556237942122187
ethfiusdt,2024-09-21T01:05:37.916+10:00,binance,45.5,1.564
solusdt,2024-09-21T01:05:19.000+10:00,raydium,0.031501828,148.57099721324107
eosusdt,2024-09-21T01:05:37.930+10:00,huobi,677.141869580352,0.5169246584278216
drgnusdt,2024-09-21T01:05:37.930+10:00,huobi,40000.0,0.00123
oxtusdt,2024-09-21T01:05:37.935+10:00,huobi,756.8921,0.0799
ohm2usd,2024-09-21T01:05:38.014+10:00,tiingo,1.0E-7,15.748566082467942
solusdc,2024-09-21T01:05:19.000+10:00,orca,4.838412379,148.57507932148914
solusdt,2024-09-21T01:05:19.000+10:00,raydium,1.009430808,148.55212443644774
movrusdt,2024-09-21T01:05:37.946+10:00,huobi,1.9749,10.4907
xrpusd,2024-09-21T01:05:38.018+10:00,gdax,1965.842063,0.5901003446253961
sweatusdt,2024-09-21T01:05:37.959+10:00,huobi,12383.2142,0.007268313942296177
solusdc,2024-09-21T01:05:19.000+10:00,orca,10.087607661,148.5736087649771
trxusdt,2024-09-21T01:05:37.963+10:00,huobi,1731.61,0.15249349999711248
renusdt,2024-09-21T01:05:37.969+10:00,mexc,47.39,0.042206
satsusdt,2024-09-21T01:05:37.918+10:00,okex,1.906505531E9,3.1060157355955767E-7
reiusdt,2024-09-21T01:05:37.971+10:00,huobi,239.2708,0.053707
arusdt,2024-09-21T01:05:37.972+10:00,huobi,4.9,20.754399999999997
taousdt,2024-09-21T01:05:37.980+10:00,mexc,1.3199999999999998,429.8888636363636
solusdc,2024-09-21T01:05:19.000+10:00,orca,10.087607661,148.56885520976252
mxcusdt,2024-09-21T01:05:37.989+10:00,huobi,1626.47,0.007186999999999999
strkusdt,2024-09-21T01:05:37.992+10:00,huobi,155.1257,0.4037
daiusdt,2024-09-21T01:05:37.984+10:00,binance,24.9,1.0
ontusdt,2024-09-21T01:05:37.993+10:00,huobi,1330.5654,0.1853
altusdt,2024-09-21T01:05:37.983+10:00,binance,208.0,0.11560865384615383
daiusdt,2024-09-21T01:05:37.984+10:00,binance,24.9,1.0
ltcusdt,2024-09-21T01:05:37.997+10:00,mexc,6.0169,66.1800561751068
acsusdt,2024-09-21T01:05:38.026+10:00,huobi,146064.7208,0.001599
briseusdt,2024-09-21T01:05:38.039+10:00,mexc,1.33482856E8,8.452E-8
degenusdt,2024-09-21T01:05:38.044+10:00,huobi,14597.196,0.0046396699395281115
aptusdt,2024-09-21T01:05:38.052+10:00,huobi,71.5299,6.830527176327661
forusdt,2024-09-21T01:05:37.971+10:00,bibox,346.7541,0.003765031213473756
diausdt,2024-09-21T01:05:38.070+10:00,huobi,133.5609,0.3668
solusdc,2024-09-21T01:05:20.000+10:00,orca,59.534050745,148.55245702801034
autousdt,2024-09-21T01:05:38.074+10:00,mexc,0.108,11.72
jlpusdt,2024-09-21T01:05:20.000+10:00,meteora,0.374722,3.256171241613783
ensusdt,2024-09-21T01:05:38.085+10:00,huobi,24.5028,18.97387776499012
lrdsusdt,2024-09-21T01:05:38.086+10:00,kucoin,7.67,0.6114000000000002
cityusdt,2024-09-21T01:05:38.082+10:00,binance,9.09,2.1
solusdt,2024-09-21T01:05:20.000+10:00,raydium,1.009430808,148.5290232988411
lqtybtc,2024-09-21T01:05:38.088+10:00,binance,33.7,1.582E-5
pendleusdt,2024-09-21T01:05:38.101+10:00,huobi,84.9043,3.5893693386554033
xrpusdt,2024-09-21T01:05:38.098+10:00,mexc,738.09,0.589937950656424
pandorausdt,2024-09-21T01:05:38.108+10:00,huobi,0.035753,1441.21
solusdt,2024-09-21T01:05:20.000+10:00,raydium,1.00900684,148.53577008457145
hntusdt,2024-09-21T01:05:38.090+10:00,kucoin,12.9346,7.128
luna2usdc,2024-09-21T01:05:38.098+10:00,mexc,18.9,0.4032
manusdt,2024-09-21T01:05:38.104+10:00,mexc,288.89,0.01868
ondousdt,2024-09-21T01:05:38.079+10:00,bybit,566.86,0.7068733726140493
ondousdt,2024-09-21T01:05:38.079+10:00,bybit,566.86,0.7068733726140493
solusdt,2024-09-21T01:05:38.106+10:00,binance,144.731,148.61790431904708
uniusdt,2024-09-21T01:05:38.101+10:00,poloniex,146.28296,6.897707748373426
beamxusdt,2024-09-21T01:05:38.132+10:00,mexc,76.18,0.01654
riousdt,2024-09-21T01:05:38.079+10:00,okex,279.341268,1.006408801893174
tngospwstetheth,2024-09-21T01:05:37.000+10:00,balancerarbitrum,1.0E-13,1.177168592371899
shibusdt,2024-09-21T01:05:38.127+10:00,binance,1.5169528E7,1.4474827163376475E-5
xtzusdt,2024-09-21T01:05:38.145+10:00,huobi,48.0668,0.6951
vicusdt,2024-09-21T01:05:38.148+10:00,huobi,265.8959,0.43119969205993774
dogeusdt,2024-09-21T01:05:38.152+10:00,huobi,21864.38,0.10685742469944265
aevousdt,2024-09-21T01:05:38.100+10:00,okex,8045.473800000001,0.39339592961697295
celrusdt,2024-09-21T01:05:38.145+10:00,binance,1530.7,0.01276
wlknusdt,2024-09-21T01:05:38.163+10:00,huobi,102301.8175,9.77499744244524E-4
nearusdt,2024-09-21T01:05:38.179+10:00,huobi,127.0,4.460213842519686
basedusd,2024-09-21T01:05:38.266+10:00,tiingo,1.0E-7,0.020496064781648796
sklusdt,2024-09-21T01:05:38.195+10:00,huobi,16416.008400000002,0.03620099271843087
epxusdt,2024-09-21T01:05:38.032+10:00,gateio,312814.07035175,1.592E-5
dkausdt,2024-09-21T01:05:38.205+10:00,huobi,4844.42,0.020515000000000002
tngospcrvusdusdt,2024-09-21T01:05:37.000+10:00,curvefiarbitrum,1.0E-13,0.9955552751947396
tngospageurusdc,2024-09-21T01:05:37.000+10:00,uniswapv3arbitrum,1.0E-13,1.1133449746335529
firousdt,2024-09-21T01:05:38.207+10:00,binance,15.8,1.196
memeusdt,2024-09-21T01:05:38.243+10:00,huobi,14675.357,0.011027585901310612
promusdt,2024-09-21T01:05:38.260+10:00,huobi,9.021,5.5428
blzbtc,2024-09-21T01:05:38.249+10:00,binance,1586.0,2.4203089533417406E-6
nknusdt,2024-09-21T01:05:38.263+10:00,huobi,301.83,0.074816
jasmyusdt,2024-09-21T01:05:38.263+10:00,huobi,1846.8928,0.021658
pyusdusdt,2024-09-21T01:05:38.275+10:00,huobi,67.036,0.9968000000000001
thetausdt,2024-09-21T01:05:38.245+10:00,binance,82.5,1.4245454545454546
1000satsusdt,2024-09-21T01:05:38.269+10:00,binance,3313039.0,3.101128463926926E-4
alcxusdt,2024-09-21T01:05:38.270+10:00,binance,0.4461,14.59
revousdt,2024-09-21T01:05:38.285+10:00,mexc,410.09,0.0333
wusdt,2024-09-21T01:05:38.306+10:00,binance,653.0,0.2397
wemixusdt,2024-09-21T01:05:38.316+10:00,huobi,14.1012,0.9109
lskusdt,2024-09-21T01:05:38.323+10:00,huobi,99.8582,0.8792569722867025
mewusdt,2024-09-21T01:05:38.329+10:00,mexc,26736.94,0.005556000011968459
diausdt,2024-09-21T01:05:38.333+10:00,binance,111.5,0.3675611659192825
grtusd,2024-09-21T01:05:38.416+10:00,gdax,13544.570000000002,0.16109677767548172
tngospcrvusdusdc,2024-09-21T01:05:37.000+10:00,curvefiarbitrum,1.0E-13,0.9956311568473004
frmusdt,2024-09-21T01:05:38.358+10:00,kucoin,532.6232,0.01881
dogsusdt,2024-09-21T01:05:38.385+10:00,mexc,836696.44,0.0010105
ampusdt,2024-09-21T01:05:38.389+10:00,huobi,10201.4796,0.003921
arkusdt,2024-09-21T01:05:38.384+10:00,binance,45.0,0.373
arkusdt,2024-09-21T01:05:38.384+10:00,binance,880.0,0.3725248863636364
solusdc,2024-09-21T01:05:20.000+10:00,raydium,1.009147947,148.56944954970015
arkusdt,2024-09-21T01:05:38.384+10:00,binance,593.0,0.372035413153457
solusdc,2024-09-21T01:05:20.000+10:00,orca,6.084036948,148.54797640522153
solusdc,2024-09-21T01:05:20.000+10:00,raydium,1.009147947,148.567491462181
atomusdt,2024-09-21T01:05:38.405+10:00,poloniex,74.678496,4.574
notusdt,2024-09-21T01:05:38.424+10:00,binance,201579.0,0.008099885751988055
arkerusdt,2024-09-21T01:05:38.434+10:00,mexc,72239.38,8.499E-5
rezusdt,2024-09-21T01:05:38.441+10:00,huobi,5463.1831,0.042099999999999985
galausdt,2024-09-21T01:05:38.449+10:00,huobi,25833.9598,0.020354257844087845
gasusdt,2024-09-21T01:05:38.453+10:00,binance,15.5,3.588
mboxusdt,2024-09-21T01:05:38.466+10:00,huobi,323.4155,0.1546
dfusdt,2024-09-21T01:05:38.457+10:00,binance,577.0,0.03314
pundixusdt,2024-09-21T01:05:38.456+10:00,binance,110.7,0.425
etcusdt,2024-09-21T01:05:38.451+10:00,poloniex,31.427045000000003,19.13454361881621
forusdt,2024-09-21T01:05:38.281+10:00,bibox,330.3053,0.003756846153543404
racausdt,2024-09-21T01:05:38.494+10:00,huobi,586372.7472,1.7053998592873212E-4
zecusdt,2024-09-21T01:05:38.482+10:00,poloniex,18.582333000000002,32.15669235181609
cetususdt,2024-09-21T01:05:38.504+10:00,mexc,1052.64,0.0985
cetususdt,2024-09-21T01:05:38.504+10:00,mexc,9871.16,0.09858294948111468
manausdt,2024-09-21T01:05:38.494+10:00,poloniex,869.2914,0.3004515872353046
xchusdt,2024-09-21T01:05:38.513+10:00,huobi,14.413600000000002,14.33891235916079
rlyusdt,2024-09-21T01:05:38.520+10:00,huobi,2127.6,0.005971
gnousdt,2024-09-21T01:05:38.519+10:00,binance,0.14800000000000002,162.82162162162163
skeyusdt,2024-09-21T01:05:38.511+10:00,kucoin,1105.6485,0.05007
xrpusdt,2024-09-21T01:05:38.526+10:00,poloniex,1375.9688,0.5898502229265662
polcusdt,2024-09-21T01:05:38.577+10:00,huobi,10538.7075,0.006988334887651071
fetusdt,2024-09-21T01:05:38.574+10:00,binance,464.79999999999995,1.5909916092943202
gnsusdt,2024-09-21T01:05:38.580+10:00,binance,8.42,2.263
solusdc,2024-09-21T01:05:20.000+10:00,orca,0.152127745,148.57097237588053
pbxusdt,2024-09-21T01:05:38.597+10:00,mexc,99.07,0.1215
solusdt,2024-09-21T01:05:20.000+10:00,raydium,0.080053135,148.56773566706661
pbxusdt,2024-09-21T01:05:38.597+10:00,mexc,98.36,0.122
pbxusdt,2024-09-21T01:05:38.597+10:00,mexc,97.96,0.12250000000000001
flowusdt,2024-09-21T01:05:38.562+10:00,okex,578.74,0.585495034039465
zexusdt,2024-09-21T01:05:38.603+10:00,mexc,39.38,0.064155
aergousdt,2024-09-21T01:05:38.610+10:00,binance,10031.0,0.11529520486491876
kaiusdt,2024-09-21T01:05:38.608+10:00,mexc,179.89,0.007004
solbtc,2024-09-21T01:05:38.597+10:00,mexc,0.02,0.002321735
solusdt,2024-09-21T01:05:20.000+10:00,raydium,0.382853968,148.5405709573317
solusdt,2024-09-21T01:05:20.000+10:00,orca,1.683020999,148.55202885082957
galausdt,2024-09-21T01:05:38.576+10:00,okex,38732.020109,0.02036
aergousdt,2024-09-21T01:05:38.619+10:00,binance,53.0,0.1154
neousdt,2024-09-21T01:05:38.621+10:00,binance,0.62,10.04
seiusdt,2024-09-21T01:05:38.632+10:00,huobi,234.75529999999998,0.34664559019540775
bchusdt,2024-09-21T01:05:38.632+10:00,huobi,1.5522,344.3137514495554
gariusdt,2024-09-21T01:05:38.637+10:00,huobi,3566.3100000000004,0.0070865345833648775
zenusdt,2024-09-21T01:05:38.641+10:00,huobi,4.5732,8.7469
solusdc,2024-09-21T01:05:20.000+10:00,orca,9.378216642,148.5631417129295
forthusdt,2024-09-21T01:05:38.642+10:00,binance,5.88,3.227
metisusd,2024-09-21T01:05:38.732+10:00,tiingo,1.0E-7,36.25719792292117
aiusdt,2024-09-21T01:05:38.664+10:00,mexc,2.78,0.455
obiusdt,2024-09-21T01:05:38.670+10:00,kucoin,1586.2294,0.008282
snsusdt,2024-09-21T01:05:38.691+10:00,huobi,4419.5599999999995,0.011008000918643486
xautusdt,2024-09-21T01:05:38.692+10:00,huobi,0.04338,2598.903497464269
altusdt,2024-09-21T01:05:38.690+10:00,binance,98.0,0.1156061224489796
ldousdt,2024-09-21T01:05:38.703+10:00,binance,565.51,1.0880496542943539
asrusdt,2024-09-21T01:05:38.705+10:00,binance,24.9,1.8928192771084338
satsusdt,2024-09-21T01:05:38.736+10:00,huobi,1.16526476975E9,3.107E-7
aergousdt,2024-09-21T01:05:38.700+10:00,okex,3415.0,0.11529793811373645
gameusdt,2024-09-21T01:05:38.771+10:00,huobi,3378.0756,0.0036710000000000002
apeusdt,2024-09-21T01:05:38.781+10:00,huobi,170.66320000000002,0.8098428462609396
floki2usdt,2024-09-21T01:05:38.734+10:00,okex,14748.0,1.3663E-4
taoeur,2024-09-21T01:05:38.812+10:00,kraken,0.24728,385.31
bonkusdt,2024-09-21T01:05:38.786+10:00,huobi,2.1267852009999998E7,1.846737646332616E-5
mxusdt,2024-09-21T01:05:38.791+10:00,huobi,12.53,3.9394
usdbcusdc,2024-09-21T01:05:35.000+10:00,aerodromeslip,20996.517499,0.9998634794555746
adxusdt,2024-09-21T01:05:38.799+10:00,huobi,264.9008,0.151
dotusdt,2024-09-21T01:05:38.795+10:00,mexc,0.29,4.377
auctionusdt,2024-09-21T01:05:38.802+10:00,huobi,6.265000000000001,15.750931923383876
shibtry,2024-09-21T01:05:38.806+10:00,binance,1.210232E7,4.92320728835463E-4
wenusdt,2024-09-21T01:05:38.830+10:00,huobi,1306613.44,9.730000000000001E-5
ethwusdt,2024-09-21T01:05:38.777+10:00,okex,393.893,2.178780832865778
ethwusdt,2024-09-21T01:05:38.777+10:00,okex,783.7293,2.1818829244995688
spausdt,2024-09-21T01:05:38.834+10:00,huobi,3789.67,0.00672245155910673
bakeusdt,2024-09-21T01:05:38.834+10:00,huobi,645.4084,0.2693081440216768
orbsusdt,2024-09-21T01:05:38.761+10:00,bibox,908.7,0.02474
aktusdt,2024-09-21T01:05:38.847+10:00,huobi,14.8072,2.7013999999999996
ethusdc,2024-09-21T01:05:38.846+10:00,huobi,0.16849999999999998,2542.488747774481
cxtusdt,2024-09-21T01:05:38.848+10:00,huobi,3396.7281000000003,0.09849999999999999
mxcusdt,2024-09-21T01:05:38.860+10:00,huobi,1637.65,0.00717
fxsusdt,2024-09-21T01:05:38.864+10:00,huobi,166.0039,2.0033790256132544
ceekusdt,2024-09-21T01:05:38.871+10:00,huobi,829.7518,0.03174993513723019
srmusdt,2024-09-21T01:05:38.870+10:00,mexc,79.31,0.029679999999999998
blzusdt,2024-09-21T01:05:38.891+10:00,huobi,174.72,0.15439996565934067
wemixusdt,2024-09-21T01:05:38.896+10:00,huobi,13.9975,0.9123
hiveusdt,2024-09-21T01:05:38.892+10:00,binance,97.0,0.1941
pandousdt,2024-09-21T01:05:38.904+10:00,huobi,489951.3675,1.3620096914292214E-4
dogeusdt,2024-09-21T01:05:38.888+10:00,gateio,57012.159999999996,0.1068531329526894
tngospageurusdc,2024-09-21T01:05:38.000+10:00,uniswapv3arbitrum,1.0E-13,1.1133449746335529
polusdt,2024-09-21T01:05:38.886+10:00,bybit,352.97,0.4069999999999999
polusdt,2024-09-21T01:05:38.886+10:00,bybit,352.97,0.4069999999999999
dcusdt,2024-09-21T01:05:38.908+10:00,kucoin,12162.0,2.526E-4
sweatusdt,2024-09-21T01:05:38.924+10:00,huobi,1708.016,0.007271
avaxusdt,2024-09-21T01:05:38.919+10:00,poloniex,12.748483,28.089534089271638
ethwusdt,2024-09-21T01:05:38.903+10:00,okex,1293.6319,2.1841092981705224
ismeusdt,2024-09-21T01:05:38.946+10:00,kucoin,451.0,0.00213
trxusdt,2024-09-21T01:05:38.913+10:00,okex,4592.259537,0.15253
bntusdt,2024-09-21T01:05:38.954+10:00,binance,36.5,0.5105
pushusdt,2024-09-21T01:05:38.960+10:00,kucoin,8.8759,0.0683
uniusdt,2024-09-21T01:05:38.962+10:00,binance,24.07,6.895
myrousdt,2024-09-21T01:05:38.965+10:00,mexc,48.56,0.08234
stxusdt,2024-09-21T01:05:38.973+10:00,mexc,0.72,1.76
tngospwstetheth,2024-09-21T01:05:38.000+10:00,balancerarbitrum,1.0E-13,1.177168592371899
forusdt,2024-09-21T01:05:38.898+10:00,bibox,215.54860000000002,0.003747181161464282
nakausdt,2024-09-21T01:05:39.001+10:00,kucoin,9.22,0.9614000000000001
psgusdt,2024-09-21T01:05:39.014+10:00,huobi,8.6372,2.3156
vrusdt,2024-09-21T01:05:39.031+10:00,huobi,2470.4759,0.00657054
routeusdt,2024-09-21T01:05:39.032+10:00,huobi,30.6157,1.1749
masausdt,2024-09-21T01:05:39.049+10:00,huobi,4580.7001,0.06596547225761407
balusdt,2024-09-21T01:05:39.018+10:00,binance,43.269999999999996,1.9901393575225328
atomusdt,2024-09-21T01:05:39.051+10:00,huobi,103.083,4.575274793127868
kncusdt,2024-09-21T01:05:39.064+10:00,mexc,2.53,0.4987
ladysusdt,2024-09-21T01:05:39.070+10:00,huobi,5.2773399605E8,1.008E-7
sandusdt,2024-09-21T01:05:39.067+10:00,mexc,4.59,0.2749
woousdt,2024-09-21T01:05:39.072+10:00,huobi,180.22,0.17767000000000002
flowusdt,2024-09-21T01:05:39.076+10:00,huobi,2376.8759999999997,0.5938872987400269
shibusdt,2024-09-21T01:05:13.000+10:00,indodax,2.6327833E7,1.440176834379039E-5
dashusdt,2024-09-21T01:05:39.088+10:00,huobi,12.0542,25.382784589603624
avausdt,2024-09-21T01:05:39.080+10:00,binance,67.4,0.5429425816023739
tiausdt,2024-09-21T01:05:39.094+10:00,huobi,53.9026,6.189731070115356
sushiusdt,2024-09-21T01:05:39.094+10:00,huobi,56.6988,0.6871
btcusdt,2024-09-21T01:05:38.947+10:00,bibox,0.006482,63878.40000000001
wstethusd,2024-09-21T01:05:39.175+10:00,tiingo,1.0E-7,2996.112240902281
mewusdt,2024-09-21T01:05:39.049+10:00,okex,19000.0,0.005556736842105263
latusdt,2024-09-21T01:05:39.099+10:00,huobi,4296.68,0.00878799726300306
btcusdt,2024-09-21T01:05:39.103+10:00,binance,0.24264000000000008,63891.81174291129
navxusdt,2024-09-21T01:05:39.116+10:00,huobi,780.1821,0.092167
baleth,2024-09-21T01:05:39.107+10:00,mexc,0.28,7.828E-4
blastusdt,2024-09-21T01:05:39.127+10:00,huobi,27728.246099999997,0.010337
tngospcrvusdusdt,2024-09-21T01:05:38.000+10:00,curvefiarbitrum,1.0E-13,0.9955552751947396
etcusdt,2024-09-21T01:05:39.133+10:00,mexc,0.066,19.15
eurcusdt,2024-09-21T01:05:39.146+10:00,huobi,133.8942,1.1069
solbtc,2024-09-21T01:05:39.140+10:00,binance,1.009,0.0023258
fxusdt,2024-09-21T01:05:39.153+10:00,huobi,418.97929999999997,0.1398
sdusdt,2024-09-21T01:05:39.157+10:00,huobi,109.242,0.4577
tngospwstetheth,2024-09-21T01:05:35.000+10:00,balancer,1.0E-13,1.178856175868296
klayusdt,2024-09-21T01:05:39.160+10:00,huobi,275.0965,0.1379
myrousdt,2024-09-21T01:05:39.163+10:00,huobi,2047.9413,0.08221966000797973
jtousdt,2024-09-21T01:05:39.168+10:00,huobi,84.6123,2.326155349399555
fluxusdt,2024-09-21T01:05:39.179+10:00,huobi,166.5783,0.6426039560374911
csprusdt,2024-09-21T01:05:39.130+10:00,okex,1397.013523,0.011820715812684372
htusdt,2024-09-21T01:05:39.170+10:00,poloniex,339.75737,0.23883029963411834
dogeusdt,2024-09-21T01:05:39.184+10:00,mexc,497.97,0.1068812982709802
usdpusdt,2024-09-21T01:05:39.216+10:00,mexc,1.26,1.0017
acmusdt,2024-09-21T01:05:39.205+10:00,binance,12.6,1.4819999999999998
rlyusdt,2024-09-21T01:05:39.221+10:00,huobi,2124.65,0.005955
steemusdt,2024-09-21T01:05:39.227+10:00,huobi,822.8746,0.1823
obiusdt,2024-09-21T01:05:39.230+10:00,mexc,3449.68,0.008225
polcusdt,2024-09-21T01:05:39.234+10:00,huobi,1848.509,0.007007
cyberusdt,2024-09-21T01:05:39.244+10:00,huobi,22.956400000000002,3.71202031328954
gtaiusdt,2024-09-21T01:05:39.200+10:00,huobi,196.08069999999998,0.49555669058708995
leverusdt,2024-09-21T01:05:39.244+10:00,binance,96392.0,0.00221881481865715
moovusdt,2024-09-21T01:05:39.257+10:00,huobi,27713.2871,0.00223
maviausdt,2024-09-21T01:05:39.262+10:00,huobi,223.6309,1.5975637712409152
zetausdt,2024-09-21T01:05:39.265+10:00,huobi,288.856,0.6508684309829119
tngospcrvusdusdc,2024-09-21T01:05:38.000+10:00,curvefiarbitrum,1.0E-13,0.9956311568473004
farmusdt,2024-09-21T01:05:39.268+10:00,binance,0.179,45.56999999999999
portalusdt,2024-09-21T01:05:39.278+10:00,huobi,294.0733,0.3037570877736944
ctcusdt,2024-09-21T01:05:39.288+10:00,huobi,456.7565,0.44932287838268303
forusdt,2024-09-21T01:05:39.205+10:00,bibox,214.25490000000002,0.0037443498501084456
hbarusdt,2024-09-21T01:05:39.345+10:00,mexc,227456.53,0.05347998712017633
cakeusdt,2024-09-21T01:05:39.351+10:00,huobi,21.2024,1.8865999999999998
agldusdt,2024-09-21T01:05:39.217+10:00,bibox,0.3818,0.900906495547407
xrpusd,2024-09-21T01:05:39.000+10:00,bitstamp,101.0,0.59004
sweatusdt,2024-09-21T01:05:39.366+10:00,huobi,9017.9989,0.007279000000000001
azerousdt,2024-09-21T01:05:39.361+10:00,kucoin,247.1002,0.3991
oneusdt,2024-09-21T01:05:39.367+10:00,binance,158341.3,0.013409110731060058
everusdt,2024-09-21T01:05:39.378+10:00,huobi,239.5712,0.053224
zrxusdt,2024-09-21T01:05:39.386+10:00,binance,1755.0,0.32409999999999994
aktusd,2024-09-21T01:05:39.416+10:00,kraken,4.8924043,2.6982
