ticker,date,exchange_platform,trade_volume,trade_price
usdcchf,2024-09-21T01:05:35.088+10:00,kraken,34.25711259,0.847
celousdt,2024-09-21T01:05:35.002+10:00,okex,1084.233403,0.5277554249663713
htxusdt,2024-09-21T01:05:35.038+10:00,poloniex,5.127386883E8,1.2665223382803194E-6
usdceur,2024-09-21T01:05:35.094+10:00,kraken,212.25393122,0.8954
solusdt,2024-09-21T01:05:15.000+10:00,orca,0.009543203,148.5838664440021
galausd,2024-09-21T01:05:35.000+10:00,bitstamp,1000.0,0.020369999999999996
mkrusdt,2024-09-21T01:05:35.058+10:00,mexc,0.002,1567.4999999999998
mubiusdt,2024-09-21T01:05:35.082+10:00,huobi,1913.035,0.03
kavausdt,2024-09-21T01:05:35.086+10:00,huobi,49.27,0.4
btcfdusd,2024-09-21T01:05:35.085+10:00,binance,0.9183299999999988,63920.23548724325
suitry,2024-09-21T01:05:35.090+10:00,binance,41.2,48.53927184466019
lqtyusdt,2024-09-21T01:05:35.048+10:00,okex,884.3637,1.014400569822122
velousdt,2024-09-21T01:05:35.103+10:00,huobi,12497.379,0.01595887377538922
cotiusdt,2024-09-21T01:05:35.095+10:00,binance,27444.0,0.12320250182189184
storjusdt,2024-09-21T01:05:35.107+10:00,huobi,116.4489,0.4104
opusdt,2024-09-21T01:05:35.106+10:00,binance,17206.240000000005,1.682705775346618
eosbtc,2024-09-21T01:05:35.118+10:00,mexc,1.368,8.102E-6
ssvusdt,2024-09-21T01:05:35.133+10:00,mexc,0.06,23.46
omniusdt,2024-09-21T01:05:35.133+10:00,huobi,21.979,9.2051
ethfiusdt,2024-09-21T01:05:35.086+10:00,okex,19.4357,1.563
filusdt,2024-09-21T01:05:35.142+10:00,huobi,183.6608,3.8096685036763422
voxelusdt,2024-09-21T01:05:35.154+10:00,binance,1844.1,0.1717
dogeusdt,2024-09-21T01:05:35.159+10:00,poloniex,10879.904,0.10686315138469973
gmxusdt,2024-09-21T01:05:35.181+10:00,mexc,0.05,25.51
pepeusdt,2024-09-21T01:05:35.177+10:00,binance,2.7298255E7,8.29E-6
truusdt,2024-09-21T01:05:35.183+10:00,binance,4781.0,0.10803442794394479
alcxusdt,2024-09-21T01:05:35.159+10:00,gateio,0.894,14.620000000000001
solusdt,2024-09-21T01:05:35.198+10:00,poloniex,3.366467,148.5146485882678
cpoolusd,2024-09-21T01:05:35.255+10:00,kraken,141.0,0.1407
spausdt,2024-09-21T01:05:35.225+10:00,huobi,7523.94,0.006748574520796286
tenetusdt,2024-09-21T01:05:35.216+10:00,mexc,4686.41,0.00447
omgbtc,2024-09-21T01:05:35.218+10:00,mexc,1.99,5.181E-6
zeususdt,2024-09-21T01:05:35.219+10:00,poloniex,152083.2,1.89E-5
mxcusdt,2024-09-21T01:05:35.241+10:00,huobi,1642.74,0.007199
btgkrw,2024-09-21T01:05:34.881+10:00,bithumb,0.93616063,30846.82193311205
sxpusdt,2024-09-21T01:05:35.249+10:00,huobi,59.711,0.3332
ctkbnb,2024-09-21T01:05:35.254+10:00,binance,377.1,9.588377088305489E-4
ctkusdt,2024-09-21T01:05:35.255+10:00,binance,340.6,0.5516913094539049
sarosusdt,2024-09-21T01:05:35.276+10:00,huobi,129199.356,0.0015545301274845363
htusdt,2024-09-21T01:05:35.262+10:00,poloniex,425.39088000000004,0.23735538561616554
forusdt,2024-09-21T01:05:35.208+10:00,bibox,269.1999,0.0037608198684323433
hbarusdt,2024-09-21T01:05:35.296+10:00,huobi,1176.18,0.05338
roninusdt,2024-09-21T01:05:35.303+10:00,huobi,113.76659999999998,1.6382983185750477
forusdt,2024-09-21T01:05:35.302+10:00,huobi,3400.89,0.003747
pandousdt,2024-09-21T01:05:35.306+10:00,huobi,192903.32679999998,1.365003200421736E-4
monusdt,2024-09-21T01:05:35.306+10:00,huobi,1340.2762,0.1405
prclusdt,2024-09-21T01:05:35.309+10:00,huobi,2809.7790999999997,0.2372527319211678
mkrusdt,2024-09-21T01:05:35.316+10:00,huobi,0.077269,1570.3733682330558
xtmusdt,2024-09-21T01:05:35.321+10:00,huobi,546.3051,0.025467
alcxusdt,2024-09-21T01:05:35.305+10:00,gateio,1.378,14.57
powrusdt,2024-09-21T01:05:35.335+10:00,huobi,1794.9223,0.2115
likeusdt,2024-09-21T01:05:35.333+10:00,kucoin,252.9,0.05288
tlosusdt,2024-09-21T01:05:35.360+10:00,kucoin,194.9629,0.25481
ltcusd,2024-09-21T01:05:35.438+10:00,gdax,2.3504122,66.20519729986086
safeusdt,2024-09-21T01:05:35.373+10:00,huobi,233.956,0.7291
cereusdt,2024-09-21T01:05:35.382+10:00,huobi,18142.3505,0.002764
sweatusdt,2024-09-21T01:05:35.385+10:00,huobi,10734.5997,0.007272588952124595
wldusdt,2024-09-21T01:05:35.388+10:00,huobi,658.3245,1.6760000000000002
islmusdt,2024-09-21T01:05:35.395+10:00,mexc,5099.599999999999,0.07126118870107459
cxteur,2024-09-21T01:05:35.422+10:00,kraken,169.45323,0.08852
zilusdt,2024-09-21T01:05:35.409+10:00,huobi,7672.0131,0.014665303202415023
tngospageurusdc,2024-09-21T01:05:34.000+10:00,uniswapv3arbitrum,1.0E-13,1.1133449746335529
bntusdt,2024-09-21T01:05:35.414+10:00,huobi,45.71,0.5109
lptusdt,2024-09-21T01:05:35.423+10:00,huobi,13.697799999999999,13.892140498474207
clvusdt,2024-09-21T01:05:35.433+10:00,huobi,2381.8405000000002,0.04365785991967137
usdtbrl,2024-09-21T01:05:35.447+10:00,binance,484.0,5.415004958677686
polcusdt,2024-09-21T01:05:35.459+10:00,huobi,15595.6117,0.0069913261939510835
zklusdt,2024-09-21T01:05:35.452+10:00,mexc,26.88,0.093995
usdtbrl,2024-09-21T01:05:35.447+10:00,binance,484.0,5.415004958677686
masausdt,2024-09-21T01:05:35.466+10:00,huobi,1031.5994,0.066
ctcusdt,2024-09-21T01:05:35.470+10:00,mexc,9.21,0.45089999999999997
tngospcrvusdusdt,2024-09-21T01:05:34.000+10:00,curvefiarbitrum,1.0E-13,0.9955552751947396
ethusdt,2024-09-21T01:05:35.475+10:00,binance,1.2402,2542.350520883728
zkusdt,2024-09-21T01:05:35.489+10:00,huobi,9719.7896,0.1281
aptusdt,2024-09-21T01:05:35.478+10:00,binance,10.5,6.82
pepeusdt,2024-09-21T01:05:35.501+10:00,mexc,6.00605084E8,8.29280710153629E-6
xecusdt,2024-09-21T01:05:35.514+10:00,huobi,2139266.05,3.3490000000000006E-5
reiusdt,2024-09-21T01:05:35.514+10:00,huobi,706.9084,0.053582101498298784
okbusdt,2024-09-21T01:05:35.466+10:00,okex,219.88749,40.63021317674779
pepe2usdt,2024-09-21T01:05:35.521+10:00,mexc,2.890830109E9,3.080594321769533E-8
fireusdt,2024-09-21T01:05:35.515+10:00,kucoin,3.4897,1.56177
ethkrw,2024-09-21T01:05:35.159+10:00,bithumb,0.0794,3391000.0000000005
ftmusdc,2024-09-21T01:05:35.530+10:00,binance,148.0,0.6517
btcusdc,2024-09-21T01:05:35.534+10:00,binance,0.044789999999999996,63902.25525787007
sunusdt,2024-09-21T01:05:35.528+10:00,poloniex,15115.779999999997,0.02576406245023414
enausdt,2024-09-21T01:05:35.545+10:00,huobi,971.6154,0.2554683654674473
ftmbtc,2024-09-21T01:05:35.532+10:00,binance,1055.0,1.0200293838862561E-5
ftmusdc,2024-09-21T01:05:35.533+10:00,binance,203.0,0.651615763546798
dcrusdt,2024-09-21T01:05:35.557+10:00,mexc,0.11,12.562000000000001
auctionusdt,2024-09-21T01:05:35.557+10:00,huobi,11.0181,15.759384795019104
latusdt,2024-09-21T01:05:35.570+10:00,huobi,2878.92,0.008802535016603448
bananausdt,2024-09-21T01:05:35.580+10:00,huobi,1.5962,40.0654
zrousdt,2024-09-21T01:05:35.583+10:00,huobi,40.925399999999996,4.379028673879791
mlkusdt,2024-09-21T01:05:35.590+10:00,huobi,177.2268,0.22570000000000004
tngospwstetheth,2024-09-21T01:05:34.000+10:00,balancerarbitrum,1.0E-13,1.177168592371899
melosusdt,2024-09-21T01:05:35.592+10:00,mexc,5022.78,0.0024111
xmrusdt,2024-09-21T01:05:35.593+10:00,huobi,0.4526,177.09
trxusdt,2024-09-21T01:05:35.563+10:00,bybit,3366.9100000000003,0.15251999999999996
stmxusdt,2024-09-21T01:05:35.575+10:00,binance,3575.0,0.006497
trxusdt,2024-09-21T01:05:35.563+10:00,bybit,3366.9100000000003,0.15251999999999996
maxusdt,2024-09-21T01:05:35.584+10:00,kucoin,45.4,0.33479
forusdt,2024-09-21T01:05:35.514+10:00,bibox,211.0911,0.003775
fraxusd,2024-09-21T01:05:35.684+10:00,tiingo,1.0E-7,0.9970816468515985
ordiusdt,2024-09-21T01:05:35.612+10:00,huobi,10.775400000000001,35.152462415316364
bbusdt,2024-09-21T01:05:35.619+10:00,huobi,2197.6537000000003,0.3652792705511337
tngospcrvusdusdc,2024-09-21T01:05:34.000+10:00,curvefiarbitrum,1.0E-13,0.9956311568473004
reneth,2024-09-21T01:05:35.631+10:00,mexc,13.42,1.658E-5
xrpusdt,2024-09-21T01:05:35.640+10:00,huobi,1244.49,0.5899182181455858
ceekusdt,2024-09-21T01:05:35.663+10:00,huobi,413.6498,0.0318
ontusdt,2024-09-21T01:05:35.613+10:00,okex,75.0,0.1866
blzusdt,2024-09-21T01:05:35.657+10:00,binance,398.0,0.15468266331658292
ssvusdt,2024-09-21T01:05:35.669+10:00,huobi,3.799,23.6901
agldusdt,2024-09-21T01:05:35.534+10:00,bibox,0.47650000000000003,0.901458572927597
linkusd,2024-09-21T01:05:35.759+10:00,gdax,349.37,11.619474053295932
scusdt,2024-09-21T01:05:35.705+10:00,huobi,8795.08,0.004548
reefusdt,2024-09-21T01:05:35.708+10:00,huobi,135846.4202,0.004148355132062582
cotitry,2024-09-21T01:05:35.701+10:00,binance,1951.0,4.191526909277294
omtry,2024-09-21T01:05:35.714+10:00,binance,74.0,40.69
btcusdt,2024-09-21T01:05:35.726+10:00,mexc,0.2855459999999999,63892.82875655763
runeusdt,2024-09-21T01:05:35.721+10:00,mexc,0.28,4.54
omgusdt,2024-09-21T01:05:35.733+10:00,huobi,121.3596,0.3296
manausdt,2024-09-21T01:05:35.723+10:00,poloniex,416.46129999999994,0.3002412474580472
sfundusdt,2024-09-21T01:05:35.744+10:00,huobi,542.0463,1.1703531256831752
yfiusdt,2024-09-21T01:05:35.745+10:00,huobi,0.022524,5144.73
auctionusdt,2024-09-21T01:05:35.757+10:00,mexc,0.09,15.73
oasusdt,2024-09-21T01:05:35.766+10:00,huobi,313.57,0.04048
catusdt,2024-09-21T01:05:35.772+10:00,mexc,302805.0,3.978E-5
ethfiusdt,2024-09-21T01:05:35.780+10:00,huobi,759.6194999999999,1.563479126246759
rlyusdt,2024-09-21T01:05:35.781+10:00,huobi,2111.69,0.006003
sysusdt,2024-09-21T01:05:35.774+10:00,binance,26619.0,0.1134524512566212
mntusdt,2024-09-21T01:05:35.772+10:00,bybit,10398.03,0.6128913222985507
mntusdt,2024-09-21T01:05:35.772+10:00,bybit,10398.03,0.6128913222985507
lqtyusdt,2024-09-21T01:05:35.813+10:00,huobi,181.63649999999998,1.0107223099982658
aaveusdt,2024-09-21T01:05:35.823+10:00,huobi,1.0206,152.73579994121107
utkusdt,2024-09-21T01:05:35.824+10:00,binance,350.0,0.04777
hntusdt,2024-09-21T01:05:35.740+10:00,bibox,2.535,7.07
ssvusdt,2024-09-21T01:05:35.789+10:00,okex,9.7098,23.459359925024206
wiccusdt,2024-09-21T01:05:35.847+10:00,huobi,3866.6898,0.003837
fettry,2024-09-21T01:05:35.845+10:00,binance,669.6,54.117836021505376
dprusdt,2024-09-21T01:05:35.856+10:00,mexc,867.18,0.001451
mntusdt,2024-09-21T01:05:35.863+10:00,huobi,129.832,0.6134
tiausdt,2024-09-21T01:05:35.882+10:00,mexc,0.21,6.187
xdcusdt,2024-09-21T01:05:35.884+10:00,huobi,3721.1224,0.028277725087274743
mlnusdt,2024-09-21T01:05:35.883+10:00,binance,17.730999999999998,16.09841520500818
mlnusdt,2024-09-21T01:05:35.883+10:00,binance,0.138,16.1
pepeusdt,2024-09-21T01:05:35.848+10:00,okex,1.253324338E9,8.291575445534833E-6
wanbtc,2024-09-21T01:05:35.901+10:00,huobi,469.0,2.8000000000000003E-6
blzbtc,2024-09-21T01:05:35.908+10:00,binance,2911.0,2.42E-6
phausdt,2024-09-21T01:05:35.916+10:00,binance,44.0,0.11270000000000001
polcusdt,2024-09-21T01:05:35.929+10:00,huobi,1855.4767,0.007024
winusdt,2024-09-21T01:05:35.916+10:00,poloniex,1.1075198299999999E7,9.124443310292694E-5
waxpusdt,2024-09-21T01:05:35.886+10:00,okex,3135.671197,0.03381956451023267
tngospageurusdc,2024-09-21T01:05:35.000+10:00,uniswapv3polygon,1.0E-13,1.1133262427283162
spausdt,2024-09-21T01:05:35.953+10:00,huobi,1894.37,0.006739
trxusdt,2024-09-21T01:05:35.937+10:00,poloniex,3410.7290000000003,0.15245197323504733
clvusdt,2024-09-21T01:05:35.941+10:00,binance,390.6,0.04407
eduusdt,2024-09-21T01:05:35.944+10:00,binance,16836.0,0.6449240258968876
diausdt,2024-09-21T01:05:35.959+10:00,huobi,472.9638,0.3666063192574146
arkusdt,2024-09-21T01:05:35.948+10:00,binance,1488.0,0.37198971774193546
arkusdt,2024-09-21T01:05:35.948+10:00,binance,1221.0,0.3714873873873874
peopleusdt,2024-09-21T01:05:35.912+10:00,okex,1847.1289199999999,0.06539059810797614
ismeusdt,2024-09-21T01:05:35.953+10:00,kucoin,319.0,0.00214
nearusdc,2024-09-21T01:05:35.963+10:00,mexc,2.34,4.461
luncusdt,2024-09-21T01:05:35.930+10:00,okex,786539.0,8.837090515537057E-5
wldusdt,2024-09-21T01:05:35.966+10:00,poloniex,125.04212,1.6415976485363493
mapousdt,2024-09-21T01:05:35.990+10:00,huobi,15368.5643,0.010303037630795481
pngusd,2024-09-21T01:05:36.064+10:00,tiingo,1.0E-7,0.27339072713156604
aevousdt,2024-09-21T01:05:35.979+10:00,binance,28670.35,0.39300199997558455
ordiusdt,2024-09-21T01:05:35.978+10:00,binance,2.11,35.14791469194313
blzusdt,2024-09-21T01:05:35.993+10:00,huobi,434.91,0.15487995907199192
bananausdt,2024-09-21T01:05:35.996+10:00,binance,22.965000000000003,40.0399033311561
dexeusdt,2024-09-21T01:05:36.000+10:00,binance,3.4,8.699082352941176
auctionusdt,2024-09-21T01:05:36.002+10:00,binance,6.79,15.749351988217967
forusdt,2024-09-21T01:05:36.013+10:00,huobi,3402.64,0.003737
nearusdt,2024-09-21T01:05:36.007+10:00,poloniex,62.07089,4.4449936559633665
ankrusdt,2024-09-21T01:05:36.026+10:00,mexc,44.4523,0.02835
manekiusdt,2024-09-21T01:05:36.048+10:00,huobi,57917.6213,0.006565766161106137
availusdt,2024-09-21T01:05:36.049+10:00,huobi,227.7629,0.14789999999999998
enausdt,2024-09-21T01:05:36.043+10:00,binance,5993.04,0.256
venomusdt,2024-09-21T01:05:36.006+10:00,okex,20.0,0.1069
egldusdt,2024-09-21T01:05:36.059+10:00,huobi,1.0635,28.2103
magicusdt,2024-09-21T01:05:36.063+10:00,huobi,471.7188,0.3789
dotusdt,2024-09-21T01:05:36.055+10:00,binance,1063.73,4.376000000000001
requsdt,2024-09-21T01:05:36.059+10:00,binance,159.0,0.10860000000000002
ethusd,2024-09-21T01:05:36.146+10:00,gdax,25.53435086,2542.6639678471806
dotusdc,2024-09-21T01:05:36.057+10:00,binance,70.0,4.377
cakeusdt,2024-09-21T01:05:36.076+10:00,mexc,0.67,1.887
bblusdt,2024-09-21T01:05:36.080+10:00,huobi,42213.3586,0.00763
sfpusdt,2024-09-21T01:05:36.069+10:00,binance,2103.0,0.757437612933904
ftmusdt,2024-09-21T01:05:36.000+10:00,bitmart,980.99,0.651401
arbusdt,2024-09-21T01:05:36.096+10:00,huobi,696.7869000000001,0.5838
aergousd,2024-09-21T01:05:33.606+10:00,gdax,24977.5,0.11541926333700331
arkusdt,2024-09-21T01:05:36.094+10:00,binance,176.0,0.37199999999999994
tngospageurusdc,2024-09-21T01:05:35.000+10:00,uniswapv3arbitrum,1.0E-13,1.1133449746335529
onttry,2024-09-21T01:05:36.107+10:00,binance,16.0,6.348625
lpoolusdt,2024-09-21T01:05:36.106+10:00,kucoin,200.6478,0.06165
lpoolusdt,2024-09-21T01:05:36.106+10:00,kucoin,28.4526,0.06154
nfpusdt,2024-09-21T01:05:36.118+10:00,mexc,5.3,0.2381
bsvusdt,2024-09-21T01:05:36.127+10:00,huobi,2.8327,49.647156539697114
alpineusdt,2024-09-21T01:05:36.118+10:00,binance,13.4,1.297
dotusdt,2024-09-21T01:05:36.077+10:00,okex,44.510262,4.376
shibusdt,2024-09-21T01:05:36.124+10:00,poloniex,6.8069739E7,1.4467258028402317E-5
grailusdt,2024-09-21T01:05:36.150+10:00,huobi,0.050176,1034.06
yfiiusdt,2024-09-21T01:05:36.148+10:00,huobi,0.2469,363.57984730660183
dodousdt,2024-09-21T01:05:36.141+10:00,binance,9307.4,0.1290819466231171
enausdc,2024-09-21T01:05:36.132+10:00,binance,23.43,0.256
roseusdt,2024-09-21T01:05:36.138+10:00,binance,3075.6,0.06662745870724411
sundogusdt,2024-09-21T01:05:36.154+10:00,mexc,12.0,0.33548
asmusdt,2024-09-21T01:05:36.162+10:00,mexc,1.38,0.9197
avaxusdt,2024-09-21T01:05:36.178+10:00,huobi,11.7214,28.040989060180525
etcusdt,2024-09-21T01:05:36.177+10:00,huobi,13.3234,19.14515299022772
artyusdt,2024-09-21T01:05:36.179+10:00,mexc,19.66,0.3845
dfusdt,2024-09-21T01:05:36.177+10:00,binance,526.0,0.0332
forusdt,2024-09-21T01:05:36.128+10:00,bibox,309.7242,0.0037514343586971892
achusdt,2024-09-21T01:05:36.225+10:00,huobi,993.937,0.020122
elfusdt,2024-09-21T01:05:36.233+10:00,huobi,111.3939,0.3786
aergousd,2024-09-21T01:05:33.702+10:00,gdax,18734.9,0.11550274834666852
jstusdt,2024-09-21T01:05:36.225+10:00,binance,219.4,0.028540000000000003
mineusd,2024-09-21T01:05:36.315+10:00,tiingo,1.0E-7,4.39423343930265E-5
ctsiusdt,2024-09-21T01:05:36.233+10:00,binance,10957.0,0.1382
astusdt,2024-09-21T01:05:36.238+10:00,binance,259.0,0.088
osmousdt,2024-09-21T01:05:36.259+10:00,huobi,56.0739,0.5363
apnusdt,2024-09-21T01:05:36.258+10:00,mexc,1197.27,0.0010573
dydxusdt,2024-09-21T01:05:36.251+10:00,binance,40002.549999999996,0.981
pixelusdt,2024-09-21T01:05:36.276+10:00,mexc,3373.81,0.148
whaleusdt,2024-09-21T01:05:36.285+10:00,huobi,24.453,0.4272
axlusdt,2024-09-21T01:05:36.275+10:00,binance,1076.1399999999999,0.5658786747077518
uxlinkusdt,2024-09-21T01:05:36.299+10:00,huobi,776.9368,0.6689811371787255
ltcbtc,2024-09-21T01:05:36.301+10:00,binance,1.035,0.001035
solusdc,2024-09-21T01:05:17.000+10:00,orca,10.087284909,148.57836261398694
solusdc,2024-09-21T01:05:17.000+10:00,raydium,1.009103926,148.5807954333536
ldousdt,2024-09-21T01:05:36.287+10:00,bybit,1634.4399999999998,1.0877582939722479
ldousdt,2024-09-21T01:05:36.287+10:00,bybit,1634.4399999999998,1.0877582939722479
usdjusdt,2024-09-21T01:05:36.322+10:00,huobi,17.7684,1.1256
woousdt,2024-09-21T01:05:36.313+10:00,binance,146.4,0.1776
linausdt,2024-09-21T01:05:36.320+10:00,huobi,18744.7915,0.0042658391848370255
dydxusdt,2024-09-21T01:05:36.273+10:00,okex,83.41993,0.9812000000000001
yggusdt,2024-09-21T01:05:36.275+10:00,okex,1382.440713,0.46877754244163383
cvcusd,2024-09-21T01:05:36.346+10:00,kraken,326.43387908,0.11342488011650596
solusdc,2024-09-21T01:05:17.000+10:00,raydium,1.009300433,148.58287789915178
snsusdt,2024-09-21T01:05:36.316+10:00,kucoin,2510.4182,0.02108
reiusdt,2024-09-21T01:05:36.332+10:00,huobi,237.4318,0.053144
solusdc,2024-09-21T01:05:17.000+10:00,orca,1.009102903,148.58486538314912
seiusd,2024-09-21T01:05:36.369+10:00,bitfinex,6.34038246,0.34693007537021675
axlusdt,2024-09-21T01:05:36.315+10:00,bybit,657.0,0.56576100304414
axlusdt,2024-09-21T01:05:36.315+10:00,bybit,657.0,0.56576100304414
aausdt,2024-09-21T01:05:36.340+10:00,kucoin,121.9526,0.22320000000000004
latusdt,2024-09-21T01:05:36.352+10:00,huobi,1428.42,0.00882
icpusd,2024-09-21T01:05:36.384+10:00,kraken,1.85441125,8.326
solusdc,2024-09-21T01:05:17.000+10:00,orca,1.009102903,148.58320549296843
melosusdt,2024-09-21T01:05:36.345+10:00,kucoin,4849.5534,0.0023983
pyrusdt,2024-09-21T01:05:36.362+10:00,huobi,7.9617,2.7866
artyusdt,2024-09-21T01:05:36.363+10:00,huobi,115.421,0.3838
solfdusd,2024-09-21T01:05:36.353+10:00,binance,93.706,148.67179967131239
wavesusdt,2024-09-21T01:05:36.363+10:00,huobi,101.89,1.0883639218765335
bnxusdt,2024-09-21T01:05:36.355+10:00,binance,26.0,1.4739076923076924
qkcusdt,2024-09-21T01:05:36.368+10:00,mexc,137.11,0.009188
oaxusdt,2024-09-21T01:05:36.363+10:00,binance,309.0,0.14683851132686088
solusdc,2024-09-21T01:05:17.000+10:00,orca,1.009102903,148.58154560278774
solusdt,2024-09-21T01:05:36.321+10:00,okex,40.692925,148.59
dpxusdt,2024-09-21T01:05:36.345+10:00,bybit,2.428,11.005
dpxusdt,2024-09-21T01:05:36.345+10:00,bybit,2.428,11.005
pitusdt,2024-09-21T01:05:36.389+10:00,mexc,1.02047811681E11,3.567E-10
solusdc,2024-09-21T01:05:17.000+10:00,orca,1.009102903,148.57988670358628
tngospcrvusdusdt,2024-09-21T01:05:35.000+10:00,curvefiarbitrum,1.0E-13,0.9955552751947396
icpusdt,2024-09-21T01:05:36.381+10:00,poloniex,12.38802,8.297081284983395
nakausdt,2024-09-21T01:05:36.400+10:00,mexc,1465.24,0.9618
sensoeth,2024-09-21T01:05:36.398+10:00,mexc,129.92,1.5761E-5
mocausdt,2024-09-21T01:05:36.404+10:00,huobi,5189.879,0.10831000000000002
rlyusdt,2024-09-21T01:05:36.411+10:00,huobi,2109.64,0.005955
bchusdt,2024-09-21T01:05:36.362+10:00,okex,0.298,344.4
suiusdt,2024-09-21T01:05:36.403+10:00,poloniex,761.3074999999999,1.4181742370592698
bchusdt,2024-09-21T01:05:36.414+10:00,poloniex,1.5552000000000004,344.09476397247937
firousdt,2024-09-21T01:05:36.423+10:00,binance,14.6,1.198
tngospwstetheth,2024-09-21T01:05:35.000+10:00,balancerarbitrum,1.0E-13,1.177168592371899
renderusdt,2024-09-21T01:05:36.436+10:00,mexc,104.76,5.351
nakausdt,2024-09-21T01:05:36.424+10:00,poloniex,1875.0554,0.9615
zelixusdt,2024-09-21T01:05:36.419+10:00,huobi,667294.7114,6.15E-5
adausd,2024-09-21T01:05:36.479+10:00,bitfinex,2400.0,0.36133
blzusdt,2024-09-21T01:05:36.458+10:00,huobi,87.1,0.154
gusdt,2024-09-21T01:05:36.413+10:00,okex,1263.6,0.03962
woousdt,2024-09-21T01:05:36.421+10:00,okex,1407.446505,0.1776
aitechusdt,2024-09-21T01:05:36.478+10:00,huobi,2090.469,0.08089
orcusdt,2024-09-21T01:05:36.472+10:00,huobi,2726.4813,0.00435
stgusdt,2024-09-21T01:05:36.482+10:00,binance,8337.0,0.3377117176442365
stgusdt,2024-09-21T01:05:36.482+10:00,binance,23590.0,0.3380007994913099
stgusdt,2024-09-21T01:05:36.484+10:00,binance,6563.6,0.33837253184228167
tnsrusdt,2024-09-21T01:05:36.505+10:00,huobi,387.272,0.3886300998523001
xlmusdt,2024-09-21T01:05:36.503+10:00,mexc,13.0,0.0969
wrxusdt,2024-09-21T01:05:36.487+10:00,binance,129.9,0.1349
stgbtc,2024-09-21T01:05:36.485+10:00,binance,1564.2,5.29E-6
ceekusdt,2024-09-21T01:05:36.511+10:00,huobi,415.4642,0.0319
sunusdt,2024-09-21T01:05:36.492+10:00,binance,204.0,0.02578
stgbtc,2024-09-21T01:05:36.490+10:00,binance,3127.4,5.293848884057044E-6
usdcusdt,2024-09-21T01:05:36.518+10:00,mexc,827.28,0.9998
degenusdt,2024-09-21T01:05:36.514+10:00,huobi,29566.7748,0.00464067726137651
brettusdt,2024-09-21T01:05:36.491+10:00,bybit,1386.17,0.08480172165030263
brettusdt,2024-09-21T01:05:36.491+10:00,bybit,1386.17,0.08480172165030263
diausdt,2024-09-21T01:05:36.529+10:00,huobi,154.7461,0.3665
preusdt,2024-09-21T01:05:36.518+10:00,kucoin,1326.5,0.009647
tngospcrvusdusdc,2024-09-21T01:05:35.000+10:00,curvefiarbitrum,1.0E-13,0.9956311568473004
ctsiusdt,2024-09-21T01:05:36.539+10:00,huobi,197.26,0.1381
scrtusdt,2024-09-21T01:05:36.547+10:00,mexc,10879.1,0.21870000000000006
ldousd,2024-09-21T01:05:36.623+10:00,gdax,485.47,1.088
btcusdt,2024-09-21T01:05:36.502+10:00,okex,0.25445965000000004,63891.17736155808
stgusdt,2024-09-21T01:05:36.518+10:00,bybit,1158.2000000000003,0.33710038853393187
forthusdt,2024-09-21T01:05:36.547+10:00,binance,29.07,3.2309999999999994
stgusdt,2024-09-21T01:05:36.521+10:00,bybit,6770.83,0.337870520305487
stgusdt,2024-09-21T01:05:36.526+10:00,bybit,895.8000000000001,0.3389902210314803
stgusdt,2024-09-21T01:05:36.518+10:00,bybit,1158.2000000000003,0.33710038853393187
sfpusdt,2024-09-21T01:05:36.566+10:00,mexc,7.01,0.7575
stgusdt,2024-09-21T01:05:36.521+10:00,bybit,6770.83,0.337870520305487
stgusdt,2024-09-21T01:05:36.526+10:00,bybit,895.8000000000001,0.3389902210314803
xlmusdt,2024-09-21T01:05:36.569+10:00,huobi,522.3383,0.096923
csixusdt,2024-09-21T01:05:36.577+10:00,huobi,11118.5995,0.017553
dydxusdt,2024-09-21T01:05:36.569+10:00,binance,730.98,0.9809807245068264
prclusdt,2024-09-21T01:05:36.583+10:00,huobi,1519.5702999999999,0.23759224836784457
stgusdt,2024-09-21T01:05:36.564+10:00,bybit,1020.0799999999999,0.33904794918045644
stgusdt,2024-09-21T01:05:36.564+10:00,bybit,1020.0799999999999,0.33904794918045644
fttusdt,2024-09-21T01:05:36.595+10:00,huobi,123.3664,1.3218451684575379
tusdt,2024-09-21T01:05:36.597+10:00,mexc,146.07,0.02406
nexousdt,2024-09-21T01:05:36.597+10:00,mexc,5.89,1.0386
taotry,2024-09-21T01:05:36.597+10:00,binance,0.1364,14610.0
diausdt,2024-09-21T01:05:36.604+10:00,huobi,119.0134,0.3656
csprusdt,2024-09-21T01:05:36.604+10:00,mexc,213.12,0.011825
turbousd,2024-09-21T01:05:36.637+10:00,kraken,2000.0,0.006326
farmusdt,2024-09-21T01:05:36.606+10:00,binance,1.524,45.590387139107605
stgusd,2024-09-21T01:05:36.645+10:00,bitfinex,51.40841372,0.3383937123098534
btcusd,2024-09-21T01:05:36.663+10:00,kraken,0.4712374,63849.900997057965
oasusdt,2024-09-21T01:05:36.629+10:00,huobi,312.49,0.040391
stgusdt,2024-09-21T01:05:36.600+10:00,bybit,108.28,0.3388999999999999
stgusdt,2024-09-21T01:05:36.600+10:00,bybit,108.28,0.3388999999999999
dagusdt,2024-09-21T01:05:36.625+10:00,kucoin,3514.0556,0.020788
sagausdt,2024-09-21T01:05:36.639+10:00,huobi,156.56169999999997,2.425589712681965
aergousdt,2024-09-21T01:05:36.631+10:00,binance,16023.0,0.11525572614366848
gariusdt,2024-09-21T01:05:36.644+10:00,huobi,8905.880000000001,0.007094399082403983
filusdt,2024-09-21T01:05:36.629+10:00,poloniex,189.29855,3.8015304283102016
gmeeusdt,2024-09-21T01:05:36.646+10:00,huobi,3776.2320999999997,0.01374192800063852
glmrusdt,2024-09-21T01:05:36.646+10:00,huobi,219.4188,0.1823
ckbusdt,2024-09-21T01:05:36.653+10:00,huobi,15073.57,0.017424692988455955
brwlusdt,2024-09-21T01:05:36.652+10:00,huobi,84531.19959999999,0.0014357365266610982
athusdt,2024-09-21T01:05:36.658+10:00,huobi,5731.3016,0.06061744299706718
athusdt,2024-09-21T01:05:36.646+10:00,mexc,20.8,0.0606
c98usdt,2024-09-21T01:05:36.648+10:00,binance,172.3,0.13404364480557168
coqusdt,2024-09-21T01:05:36.651+10:00,mexc,1.291155584E7,1.573E-6
ctcusdt,2024-09-21T01:05:36.658+10:00,huobi,218.0429,0.44849999999999995
adausdt,2024-09-21T01:05:36.649+10:00,poloniex,4408.371099999999,0.36062987344146236
blzusdt,2024-09-21T01:05:36.658+10:00,binance,4586.0,0.15452854339293504
arkusdt,2024-09-21T01:05:36.663+10:00,binance,1192.0,0.37218372483221485
pivxusdt,2024-09-21T01:05:36.666+10:00,binance,343.0,0.2230860058309038
spausdt,2024-09-21T01:05:36.681+10:00,huobi,1865.54,0.006774
unibtc,2024-09-21T01:05:36.668+10:00,binance,200.0,1.079E-4
arkusdt,2024-09-21T01:05:36.683+10:00,binance,60.0,0.37262833333333334
strkusdt,2024-09-21T01:05:36.696+10:00,huobi,1081.4103,0.40360259887482114
stgusdt,2024-09-21T01:05:36.683+10:00,bybit,218.42,0.3385745856606538
btcusdt,2024-09-21T01:05:36.701+10:00,kucoin,0.011986899999999998,63889.70253485054
stgusdt,2024-09-21T01:05:36.683+10:00,bybit,218.42,0.3385745856606538
tngospwstetheth,2024-09-21T01:05:35.000+10:00,uniswapv3,1.0E-13,1.1790160630351085
kp3rusdt,2024-09-21T01:05:36.726+10:00,binance,0.34,50.980000000000004
tngospwstethusdc,2024-09-21T01:05:35.000+10:00,uniswapv3,1.0E-13,2988.912832005574
rareusdt,2024-09-21T01:05:36.729+10:00,binance,2786.7,0.13620000000000002
seiusdt,2024-09-21T01:05:36.740+10:00,mexc,4563.2,0.3465
alcxusdt,2024-09-21T01:05:36.647+10:00,bibox,0.0664,14.6854
seiusdt,2024-09-21T01:05:36.733+10:00,binance,19875.6,0.3468950326027893
seifdusd,2024-09-21T01:05:36.733+10:00,binance,865.7,0.3471626544992492
iotxusdt,2024-09-21T01:05:36.747+10:00,huobi,2599.0,0.03977849246248557
seiusdt,2024-09-21T01:05:36.733+10:00,binance,18280.6,0.3466704741638677
btcusdt,2024-09-21T01:05:36.717+10:00,bybit,0.5958429999999999,63890.77307649835
btcusdt,2024-09-21T01:05:36.717+10:00,bybit,0.5958429999999999,63890.77307649835
taousdt,2024-09-21T01:05:36.744+10:00,kucoin,0.04,428.96
forusdt,2024-09-21T01:05:36.755+10:00,huobi,3406.49,0.003755
usdttry,2024-09-21T01:05:36.748+10:00,binance,12262.0,34.009571032458
polcusdt,2024-09-21T01:05:36.755+10:00,huobi,1840.7265,0.007007
seiusdc,2024-09-21T01:05:36.740+10:00,binance,432.9,0.3467
seibnb,2024-09-21T01:05:36.736+10:00,binance,285.6,6.03E-4
tngosplusddai,2024-09-21T01:05:35.000+10:00,uniswapv3,1.0E-13,1.0028964761697308
usdttry,2024-09-21T01:05:36.748+10:00,binance,12262.0,34.009571032458
ctausdt,2024-09-21T01:05:36.766+10:00,huobi,1555.849,0.1148
tngosplusdusdc,2024-09-21T01:05:35.000+10:00,uniswapv3,1.0E-13,1.0030847624517687
dopusdt,2024-09-21T01:05:36.788+10:00,huobi,164987.1122,0.00291
vibusdt,2024-09-21T01:05:36.785+10:00,binance,73.0,0.07249
tngospoetheth,2024-09-21T01:05:35.000+10:00,uniswapv3,1.0E-13,0.9986499726004183
vsysusdt,2024-09-21T01:05:36.799+10:00,mexc,141358.32,4.5939999999999995E-4
tngospmimdai,2024-09-21T01:05:35.000+10:00,curvefi,1.0E-13,0.9989305358194142
cvcusd,2024-09-21T01:05:33.703+10:00,gdax,44064.1,0.11345785934581666
tngospageurusdc,2024-09-21T01:05:35.000+10:00,uniswapv3arbitrum,1.0E-13,1.1133449746335529
tngospageurusdc,2024-09-21T01:05:35.000+10:00,uniswapv3,1.0E-13,1.1164345163885114
eurusdt,2024-09-21T01:05:36.808+10:00,binance,200.0,1.1166
idexusdt,2024-09-21T01:05:36.827+10:00,huobi,2584.7388,0.0427
tngospusdeusdt,2024-09-21T01:05:35.000+10:00,uniswapv3,1.0E-13,0.998840605892464
mblusdt,2024-09-21T01:05:36.834+10:00,binance,217636.0,0.0027807406495248947
fetusdc,2024-09-21T01:05:36.834+10:00,binance,165.5,1.5918954682779458
tngospmimusdc,2024-09-21T01:05:35.000+10:00,curvefi,1.0E-13,0.9987055154013511
tngospusdeusdc,2024-09-21T01:05:35.000+10:00,uniswapv3,1.0E-13,0.9993271906335053
glqusdt,2024-09-21T01:05:36.845+10:00,mexc,36.599999999999994,0.06893249590163936
juvusdt,2024-09-21T01:05:36.844+10:00,binance,10.69,1.654
jupusdt,2024-09-21T01:05:36.857+10:00,huobi,323.4738,0.8557000000000001
gmxusdt,2024-09-21T01:05:36.861+10:00,huobi,4.3643,25.470815952157274
arbusdt,2024-09-21T01:05:36.867+10:00,mexc,521.3000000000001,0.5839014329560712
ltcusdt,2024-09-21T01:05:36.822+10:00,okex,0.302206,66.2
agldusdt,2024-09-21T01:05:36.760+10:00,bibox,0.41180000000000005,0.9009372025254978
superusdt,2024-09-21T01:05:36.867+10:00,binance,2674.0,0.9137625654450262
tokenusdt,2024-09-21T01:05:36.849+10:00,bybit,5950.89,0.0640404562846902
tokenusdt,2024-09-21T01:05:36.849+10:00,bybit,5950.89,0.0640404562846902
tngospmimusdt,2024-09-21T01:05:35.000+10:00,curvefi,1.0E-13,0.9986264130268785
clvusdt,2024-09-21T01:05:36.844+10:00,okex,3387.402037,0.04408
arpausdt,2024-09-21T01:05:36.906+10:00,huobi,354.18,0.044381
promusdt,2024-09-21T01:05:36.903+10:00,binance,6.970000000000001,5.545022955523672
tngosplusddai,2024-09-21T01:05:35.000+10:00,curvefi,1.0E-13,1.00293260602181
celousdt,2024-09-21T01:05:36.928+10:00,huobi,227.655,0.5275
glmusdt,2024-09-21T01:05:36.926+10:00,huobi,69.3471,0.3078
renderusdt,2024-09-21T01:05:36.924+10:00,binance,2119.1600000000003,5.350951735593347
blzusdt,2024-09-21T01:05:36.929+10:00,huobi,87.5,0.1542
tngosplusdusdc,2024-09-21T01:05:35.000+10:00,curvefi,1.0E-13,1.002707513019606
yggusdt,2024-09-21T01:05:36.947+10:00,binance,1275.1000000000008,0.46881355187828394
usdtusd,2024-09-21T01:05:37.042+10:00,gdax,15268.150000000001,1.0000101638181444
maviausdt,2024-09-21T01:05:36.942+10:00,bybit,1.04,1.6002
gtcusdt,2024-09-21T01:05:36.966+10:00,mexc,1.88,0.671
maviausdt,2024-09-21T01:05:36.942+10:00,bybit,1.04,1.6002
latusdt,2024-09-21T01:05:36.976+10:00,huobi,1434.7,0.008789
nftusdt,2024-09-21T01:05:36.962+10:00,poloniex,1.760647476E9,4.169184862389682E-7
prosusdt,2024-09-21T01:05:36.962+10:00,binance,56.0,0.3133
duskusdt,2024-09-21T01:05:36.983+10:00,huobi,1328.2592,0.22970000000000002
fisusdt,2024-09-21T01:05:36.977+10:00,binance,32.0,0.3367
tngosplusdusdt,2024-09-21T01:05:35.000+10:00,curvefi,1.0E-13,1.0026280937329513
zkjusdt,2024-09-21T01:05:36.994+10:00,mexc,1.09,1.1574
chrusdt,2024-09-21T01:05:36.998+10:00,binance,5000.0,0.2053
bonkusd,2024-09-21T01:05:37.081+10:00,gdax,4.83534906E8,1.847098726727704E-5
egldusd,2024-09-21T01:05:34.098+10:00,gdax,0.146,28.2
1catusdt,2024-09-21T01:05:37.015+10:00,huobi,97596.66500000001,0.001876
shibusd,2024-09-21T01:05:34.342+10:00,gdax,4.144131E7,1.4473062477995991E-5
ensusd,2024-09-21T01:05:34.605+10:00,gdax,30.884,19.013277101411735
ethfdusd,2024-09-21T01:05:37.013+10:00,binance,15.261800000000001,2543.132070987694
cfxusdt,2024-09-21T01:05:37.014+10:00,binance,671.0,0.1512
jtousd,2024-09-21T01:05:34.865+10:00,gdax,524.6,2.322092089210827
bnbfdusd,2024-09-21T01:05:37.014+10:00,binance,12.165999999999999,575.1
soleth,2024-09-21T01:05:37.021+10:00,binance,0.049,0.05847
raretry,2024-09-21T01:05:37.019+10:00,binance,3898.0,4.629
xecusdt,2024-09-21T01:05:37.021+10:00,mexc,37623.18,3.35E-5
listausdt,2024-09-21T01:05:37.022+10:00,binance,16.3,0.3853
ethkrw,2024-09-21T01:05:37.107+10:00,tiingo,1.0E-7,3378361.1991721937
lqtyusd,2024-09-21T01:05:34.962+10:00,gdax,86.0,1.0124
ethusdt,2024-09-21T01:05:37.036+10:00,huobi,0.4219,2542.02
cfxusdt,2024-09-21T01:05:37.021+10:00,gateio,29.09,0.1512
injusdt,2024-09-21T01:05:37.034+10:00,binance,1.52,20.974868421052633
mxcusdt,2024-09-21T01:05:37.048+10:00,huobi,3281.8999999999996,0.007210548075809745
ethwusdt,2024-09-21T01:05:37.001+10:00,okex,408.058,2.1767432509594227
voxelusd,2024-09-21T01:05:35.223+10:00,gdax,5587.73,0.17179676702346033
mmmusdt,2024-09-21T01:05:37.051+10:00,mexc,2378811.32,4.21E-6
roseusd,2024-09-21T01:05:36.215+10:00,gdax,7400.0,0.06664851351351352
wifusdt,2024-09-21T01:05:37.044+10:00,kucoin,271.9122,1.8385499879740594
pitusdt,2024-09-21T01:05:37.046+10:00,kucoin,2.9501028381E10,3.3E-10
dexeusdt,2024-09-21T01:05:37.061+10:00,huobi,5.746,8.7018
cvcusd,2024-09-21T01:05:37.092+10:00,kraken,246.0,0.11341085950758538
ctxcusdt,2024-09-21T01:05:37.065+10:00,huobi,241.1596,0.1689
arktry,2024-09-21T01:05:37.055+10:00,binance,3318.4,12.641411824975892
axlusd,2024-09-21T01:05:36.353+10:00,gdax,2475.6,0.5658718250121184
seiusd,2024-09-21T01:05:36.802+10:00,gdax,10798.399999999998,0.3472092680397097
arkusdt,2024-09-21T01:05:37.076+10:00,mexc,420.12,0.37242276492430737
mdtusdt,2024-09-21T01:05:37.064+10:00,binance,79652.2,0.043436554169250824
tonusdt,2024-09-21T01:05:37.073+10:00,binance,45.9,5.791000000000001
fidausdt,2024-09-21T01:05:37.065+10:00,binance,2151.3,0.36611503277088264
btcusdc,2024-09-21T01:05:37.088+10:00,huobi,0.012409,63901.65272544121
yggusdt,2024-09-21T01:05:37.090+10:00,huobi,815.4081,0.46784065957892734
acmusdt,2024-09-21T01:05:37.080+10:00,binance,12.0,1.485
rareusd,2024-09-21T01:05:37.099+10:00,gdax,2133.6000000000004,0.13619999999999996
quick2usdt,2024-09-21T01:05:37.095+10:00,huobi,361.1602,0.048756
mantausdt,2024-09-21T01:05:37.096+10:00,huobi,148.42110000000002,0.7901515772353122
ofnusdt,2024-09-21T01:05:37.090+10:00,mexc,142.45,0.0888
bomeusdt,2024-09-21T01:05:37.097+10:00,huobi,121662.89,0.007196830896504266
solusdt,2024-09-21T01:05:37.102+10:00,mexc,5.86,148.61469283276446
cfxusdt,2024-09-21T01:05:37.054+10:00,okex,959.565,0.1512
blurusdt,2024-09-21T01:05:37.125+10:00,huobi,214.2924,0.2095933831531123
qtumusdt,2024-09-21T01:05:37.128+10:00,huobi,39.5004,2.468549961772539
forusdt,2024-09-21T01:05:37.046+10:00,bibox,252.17469999999997,0.003723528188593067
kavausdt,2024-09-21T01:05:37.124+10:00,binance,159.6,0.4003724310776942
ftmusdt,2024-09-21T01:05:37.126+10:00,binance,4414.0,0.6510099909379247
bicousdt,2024-09-21T01:05:37.141+10:00,mexc,5.27,0.2392
reiusdt,2024-09-21T01:05:37.147+10:00,huobi,238.1428,0.05305
vthousdt,2024-09-21T01:05:37.139+10:00,binance,9135.0,0.001981
imxusdt,2024-09-21T01:05:37.138+10:00,poloniex,133.487,1.5656000000000003
tonusdt,2024-09-21T01:05:37.167+10:00,huobi,137.7453,5.794148863082807
syntusdt,2024-09-21T01:05:37.170+10:00,huobi,2080.2867,0.06238953869579611
